3142 4986
679 270 989 349 -21-‘

158 472 270 526 contra
304 460 478 524 Herculem
515 457 718 520 contendisse
738 466 848 535 ‘atque
881 457 1005 518 occisus
1037 474 1109 518 esse
1142 453 1241 518 fertur
1249 446 1284 534 ¹).
1340 453 1412 515 Hac

160 573 267 638 sabula
295 573 446 654 gravium
476 567 680 652 quorundam
702 568 913 630 certaminum
935 566 1044 647 imago
1066 585 1221 648 expressa
1243 573 1302 638 est,v
1328 583 1411 645 quae

159 687 190 747 ln
218 683 320 746 insula
349 680 538 762 occupanda
567 679 611 741 illi
633 679 754 740 nationi
776 677 943 740 subeunda
968 675 1103 751 suerunt,
1131 698 1215 759 quae
1236 675 1411 740 Herculem

159 794 373 859 venerabatur
381 793 417 875 2).
450 791 564 853 Filiam
578 788 750 870 Eurypylo
767 787 975 870 Chalciopen,
991 807 1010 850 e
1026 807 1091 868 qua
1106 787 1261 850 Hercules
1275 787 1411 851 Thessa·

161 907 227 968 lum
256 904 416 985 genuerit,
447 922 518 965 esse
547 902 657 963 datam
665 899 691 981 8)
715 907 867 981 apparet,
885 883 931 960 ¹ut
959 898 1202 961 Heraclidamm
1228 918 1309 980 gens
1338 918 1411 962 cum

160 1016 370 1079 vetustiorum
399 1014 576 1077 incolarum
605 1011 757 1074 heroibus
778 1009 1062 1090 consanguinitatis
1083 1008 1211 1073 vinculo
1232 1011 1340 1074 iuncta
1361 1009 1412 1073 sit.

160 1127 259 1190 Porro
272 1125 460 1207 Eurypylus
476 1123 618 1206 Neptuni
640 1121 723 1184 filius
745 1141 816 1183 esse
840 1121 976 1183 traditur
994 1129 1027 1182 et
1041 1120 1305 1202 Astypalaeae4),
1330 1140 1412 1202 quae
1510 1141 1513 1148 ·

160 1247 247 1300 certe
280 1257 398 1299 nomen
427 1236 520 1298 duxit
548 1227 568 1296 a
594 1232 768 1296 vetustiore
800 1232 928 1294 civitate
956 1230 1078 1293 insulae
1108 1232 1139 1292 in
1169 1231 1292 1293 minore
1320 1238 1412 1312 parte

161 1369 243 1432 quae
279 1349 319 1410 ad
357 1348 558 1410 occidentem
595 1346 699 1425 vergit
735 1343 840 1423 sita5).
895 1341 1038 1423 Cogitari
1071 1343 1143 1404 inde
1176 1352 1285 1424 potest
1318 1343 1411 1407 istam

161 1460 333 1533 nationem,
365 1459 454 1521 cuius
483 1467 516 1520 et
537 1454 726 1536 Eurypylus
755 1461 789 1516 et
809 1452 979 1535 Neptunus
1009 1463 1107 1528 erant,
1138 1453 1187 1516 his
1209 1455 1412 1535 potissimum

136 1582 138 1597 ·
160 1571 238 1634 locis
260 1571 487 1650 consedissess).
527 1567 621 1649 Quae
643 1565 746 1647 qualis
765 1563 858 1628 fuerit
880 1565 1028 1644 undeque
1051 1563 1196 1646 profecta
1217 1565 1258 1627 sit
1279 1585 1323 1626 ex
1343 1565 1413 1645 ipsa

160 1681 320 1763 Eurypyli
342 1699 481 1761 persona
502 1678 768 1758 perscrutandum
791 1685 849 1738 est.
1422 1670 1424 1674 ’

247 1791 440 1853 Thessalum
453 1789 628 1871 reperimus
641 1786 846 1869 Eurypylum
858 1787 1054 1850 Euaemonis
1070 1785 1195 1849 filium'
1188 1807 1218 1851 m
1233 1750 1413 1850 Homericis

160 1901 381 1966 carminibus'
373 1902 540 1982 insignem
579 1899 695 1981 Regno
725 1900 793 1962 eius
822 1899 1011 1962 addicuntur
1040 1899 1153 1978 B734
1175 1919 1247 1980 sqq.
1270 1898 1413 1980 inprimis

162 2013 368 2086 Ormenium,
403 2012 478 2074 urbs
508 2010 695 2092 Magnesiae
724 2011 785 2073 sub
813 2009 900 2072 Pelio
929 2017 1039 2072 monte
1069 2030 1171 2090 prope
1197 2010 1324 2091 Jolcum
1353 2010 1414 2074 sita

163 2123 293 2205 (Strabo
315 2122 403 2198 VIII,
427 2124 500 2204 439)
530 2142 567 2185 ac
595 2121 716 2184 Pherae
726 2123 761 2202 τ).
806 2120 850 2183 Et
878 2128 952 2183 sunt
980 2120 1031 2182 alii
1061 2130 1208 2183 auctores
1236 2121 1290 2201 qui
1312 2131 1345 2183 et
1367 2142 1412 2184 se·

245 2363 269 2430 1)
287 2363 410 2428 Apollod.
429 2365 465 2418 ΙΙ,
487 2374 511 2425 7,
534 2376 561 2419 r;
585 2360 666 2410 schol.
685 2360 715 2408 Il.
734 2360 806 2420 XIV,
828 2371 877 2424 255
901 2358 1016 2424 (historia
1038 2354 1176 2423 Pherecydi
1193 2361 1335 2427 tribuitur);
1361 2381 1412 2414 arn·

159 2452 250 2500 borum
267 2458 321 2498 tota
338 2449 449 2499 narratio
467 2464 546 2514 usque
565 2447 598 2498 ad
617 2448 683 2496 hanc
701 2461 754 2495 rem
772 2461 825 2494 uon
844 2445 926 2495 obiter
943 2446 1069 2511 congruit,
1089 2447 1182 2496 deinde
1200 2447 1314 2499 discedit.

243 2531 266 2599 ¹)
285 2534 391 2583 Patonio
408 2532 531 2600 (inscript.
549 2532 579 2582 of
595 2532 645 2582 Cos
662 2548 688 2597 p.
707 2529 768 2596 347)
786 2531 850 2580 haec
867 2531 954 2580 tabula
971 2533 1024 2582 visa
1045 2542 1153 2582 estnon
1172 2533 1241 2598 apud
1260 2533 1328 2582 Coos
1346 2541 1409 2592 orta,

159 2622 204 2671 sed
227 2621 268 2669 vel
290 2620 380 2669 eadem
403 2635 458 2669 esse
479 2635 544 2685 quae
567 2618 600 2668 de
624 2617 735 2667 Hercule
758 2624 784 2666 et
804 2617 900 2681 Euryto
925 2617 1085 2668 Oechaliensi
1107 2626 1228 2668 narratur.
1267 2619 1365 2669 Tamen
1387 2627 1412 2669 et

159 2704 243 2768 plures
265 2713 364 2754 exstant
386 2704 487 2754 fabulae
510 2704 543 2753 de
565 2703 675 2754 Hercule
699 2719 757 2752 cum
781 2702 901 2752 heroibus
923 2702 1075 2768 quibusdam
1098 2703 1233 2756 dimicante
1250 2719 1298 2754 nec
1314 2719 1413 2770 semper

161 2789 271 2853 Eurytus
289 2789 482 2855 Eurypylusque
499 2789 656 2839 commisceri
674 2790 768 2838 debent
785 2787 855 2852 (vide
873 2805 899 2854 p.
919 2803 960 2854 23,
980 2788 1018 2852 4),

245 2869 375 2935 ⁸.)Schol
393 2875 424 2924 Il.
442 2876 551 2934 xlv,2
537 2886 599 2939 2;55
621 2876 654 2926 ef.
674 2875 754 2925 schol.
772 2875 846 2926 Pind.
865 2875 939 2925 Nem.
958 2875 1005 2931 IV,
1025 2888 1072 2936 40;
1096 2838 1286 2941 perturbatione
1303 2876 1394 2926 sacta
1387 2893 1412 2925 m

161 2958 241 3008 schol.
259 2958 283 3005 D
303 2958 333 3006 Il.
353 2959 387 3018 ΙΙ,
408 2958 457 3021 677
481 2968 506 3010 et
529 2961 598 3025 apud
623 2961 783 3010 Eustathium
808 2961 841 3010 ad
860 2961 881 3015 l.
904 2961 1049 3026 Eurypylus
1070 2960 1189 3012 Herculis
1213 2970 1238 3010 et
1262 2961 1413 3027 Chalciopes

160 3042 227 3091 filius
244 3051 358 3092 vocatur.

244 3123 268 3193 4)
286 3127 410 3193 Apollod.
428 3129 464 3187 ΙΙ,
481 3141 510 3190 7,
534 3143 559 3186 1;
580 3129 612 3179 cs.
630 3130 711 3180 schol.
732 3130 763 3179 ΙΙ.
781 3131 853 3191 XIV,
875 3141 933 3194 255.

244 3209 268 3277 ⁶)
288 3213 348 3264 Vid.
365 3213 474 3272 Dubois,
494 3214 527 3263 de
545 3214 583 3263 Co
601 3214 683 3264 insula
701 3232 725 3280 p.
747 3229 777 3277 19
795 3231 832 3280 sq.

245 3295 269 3363 ⁸)
289 3300 423 3365 Neptunus
446 3298 521 3349 etiam
544 3299 570 3347 in
595 3299 700 3364 Triopio
723 3299 899 3364 promontorio
923 3299 1054 3350 colebatur
1079 3297 1171 3363 (schol.
1192 3300 1302 3353 Theocr.
1323 3304 1410 3362 xvu.

158 3382 212 3450 69).
248 3384 347 3434 Eodem
374 3385 461 3435 attinet
489 3384 572 3445 Ceres,
602 3384 628 3432 in
656 3400 731 3450 quam
758 3385 867 3450 Triopas
895 3392 939 3434 aut
964 3385 1017 3449 ipse
1044 3384 1187 3450 peccavisse
1209 3386 1300 3437 dieitur
1322 3385 1413 3452 (Diod.

158 3471 191 3528 V,
206 3471 253 3530 61;
274 3471 372 3535 Hygin.
391 3479 485 3520 astron.
504 3471 539 3530 11,
558 3469 600 3534 14)
619 3478 663 3520 aut
680 3471 746 3521 tilius
764 3471 817 3520 eius
834 3471 985 3534 Erysichtho
1005 3469 1116 3534 (Callim.
1128 3471 1216 3537 hymn.
1231 3473 1300 3533 Cer.;
1321 3475 1410 3540 Steph.

159 3555 220 3618 Byz.
237 3573 257 3606 s.
276 3573 300 3605 v.
321 3555 444 3625 Τριοπ.)
480 3557 555 3605 Hanc
579 3572 641 3605 vero
665 3556 740 3606 deam
758 3557 899 3622 Eurypylus
920 3572 1033 3621 uxorque
1052 3555 1134 3621 Clytia
1151 3567 1313 3622 quaerentem
1334 3558 1412 3608 tiliam

159 3639 268 3706 hospitio
291 3641 419 3706 excepisse
443 3641 557 3694 feruntur
575 3638 667 3705 (schol.
688 3642 797 3693 Theocr.
816 3643 877 3700 vn,
898 3641 934 3706 5).
955 3642 1021 3690 -Sed
1041 3642 1074 3691 de
1091 3642 1194 3692 natione
1211 3644 1271 3693 inde
1289 3645 1348 3694 certi
1366 3644 1412 3694 ali·

159 3724 220 3790 quid
238 3726 290 3775 erui
309 3727 406 3792 nequit,
427 3727 549 3792 quoniam
567 3727 722 3793 Eurypyline
740 3743 773 3776 an
791 3727 888 3792 Clytiae
903 3727 981 3780 tuerit
998 3727 1104 3777 dubium
1122 3736 1167 3778 est.

210 3855 215 3863 .
244 3808 267 3874 I)
286 3812 431 3876 Hypeream
450 3828 526 3878 quam
546 3813 618 3862 affert
636 3813 695 3864 Ilias
711 3812 809 3862 iontem
820 3829 875 3864 esse
887 3813 1026 3863 Pheraeum
1039 3811 1147 3861 affirmat
1159 3813 1251 3868 Strabo
1264 3814 1411 3878 VIII,„439.

158 3895 197 3947 Cf.
210 3896 283 3945 Pind.
297 3897 370 3960 Pyth.
381 3899 428 3960 IV,
445 3910 502 3963 125.
513 3899 677 3953 -Seorsum
695 3898 743 3948 sita
760 3906 819 3955 sunt
835 3899 948 3948 eiusdem
965 3898 1032 3968 regis
1043 3897 1146 3962 propria
1156 3898 1284 3951 Asterium
1297 3914 1325 3949 ac
1338 3914 1412 3948 mons

157 3981 273 4031 Titanus.
308 3981 359 4030 Hic
377 3990 439 4032 teste
456 3983 582 4032 Strabone
600 3984 616 4033 l.
635 3983 652 4036 l.
670 3984 739 4048 apud
751 3985 839 4038 Arnen
851 3983 905 4043 suit,
925 3983 1117 4036 Thessaliotidis
1129 3983 1225 4043 urbem,
1245 3999 1310 4049 quae
1321 3992 1412 4049 postes

158 4065 268 4115 Cierium
294 4064 418 4129 (Bursian.
440 4068 473 4117 G.
494 4069 539 4118 Gr.
559 4069 580 4128 Ι,
603 4067 660 4132 73);
688 4084 735 4117 nec
762 4069 870 4118 multum
896 4070 983 4122 aberat
1009 4068 1144 4128 Asterium,
1177 4070 1247 4134 quod
1272 4069 1411 4121 recentiore

156 4157 238 4206 aetate
250 4149 343 4200 Piresia
359 4153 497 4202 vocabatur
515 4151 642 4216 (Bursian.
658 4154 679 4211 Ι,
696 4152 749 4217 74).
781 4153 808 4202 Si
826 4154 882 4219 quis
899 4153 1000 4203 miretur
1017 4152 1088 4219 quod
1100 4153 1163 4204 haee
1174 4154 1232 4215 loca
1245 4154 1278 4202 ab
1291 4153 1411 4204 Ormenio

156 4235 295 4303 Pherisque
319 4236 393 4285 nimis
415 4237 518 4298 absunt,
545 4239 662 4304 respiciat
684 4238 827 4294 Aristaeum
849 4239 893 4305 qui
916 4239 998 4291 etad
1022 4238 1133 4298 Pelium,
1157 4240 1278 4305 quoniam
1301 4240 1412 4303 Cyrenes
