3142 4986
672 273 795 354 -67
843 313 880 321 -

156 447 232 509 dum
260 445 408 507 statuitur
438 445 467 506 in
496 444 642 519 Panami,
674 454 708 508 ut
736 446 875 519 videtur,
907 448 1068 528 quendam
1090 449 1192 527 diem;
1220 449 1401 532 appellatur

155 568 264 622 autem
289 559 350 618 dea
380 576 420 618 eo
448 556 535 635 quod
564 556 691 637 saepius
719 559 806 638 apud
833 555 976 620 Graecos
1005 562 1197 640 cognomine
1224 557 1403 644 Πάνδαμος

155 672 234 754 (Pat.
259 690 305 737 nr.
327 665 413 752 401).
896 738 899 743 Α
1011 738 1013 741 ,

240 782 277 844 ln
307 782 445 843 nummis
467 781 661 860 conspicitur
682 780 794 844 Venus
816 781 855 845 ΙΙ.
876 780 945 852 ‚lere
968 803 996 845 a.
1021 781 1095 845 Chr.
1118 803 1202 849 saec.
1225 786 1266 863 (v.
1289 782 1403 852 Paton.

155 895 248 967 catal.
273 894 382 974 num).
895 963 898 967 ¹

241 1005 522 1079 Leucotheae,
554 1005 603 1067 cui
633 1004 761 1085 publica
791 1025 880 1067 sacra
909 1007 995 1086 apud
1018 1005 1106 1069 Coos
1129 1006 1401 1080 fuissevidentur,

158 1138 277 1181 nomen
300 1117 331 1177 in
352 1115 445 1194 titulo
465 1116 599 1196 parvulo
622 1116 702 1196 (Pat.
725 1136 770 1180 nr.
797 1131 844 1195 37,
868 1120 908 1198 a),
933 1119 995 1199 qui,
1019 1119 1100 1181 sicut
1115 1139 1234 1200 magna
1249 1118 1404 1181 fastorum

158 1230 345 1311 fragmenta,
376 1227 433 1289 IV.
464 1225 529 1289 sere
556 1248 583 1289 a.
614 1226 689 1294 Chr.
717 1248 799 1290 saec.
824 1237 882 1302 est,
911 1228 1026 1309 legitur
1047 1233 1161 1296 Λευκο
1186 1229 1232 1296 ΘΙ
1258 1228 1297 1311 ΙΙ,
1320 1228 1405 1290 unde

158 1361 245 1404 sane
263 1341 319 1402 vix
347 1338 432 1401 aliud
459 1340 630 1419 quicquam
658 1339 727 1401 elici
755 1348 863 1420 potest
892 1361 991 1421 quam
1017 1341 1171 1426 ΘΕΗῌ.
1215 1341 1306 1402 Haec
1328 1360 1405 1402 vero

160 1450 262 1514 lorma
280 1451 392 1532 Jonica
413 1471 453 1513 eo
477 1450 712 1512 memorabilior
735 1460 784 1512 est
806 1453 880 1533 quia
903 1453 1062 1516 antecedit
1077 1453 1226 1522 articulus
1240 1435 1301 1538 τᾷ)
1322 1471 1405 1530 quae

158 1565 183 1626 si
210 1572 295 1627 recte
325 1561 377 1624 hic
406 1582 441 1623 se
470 1561 577 1636 habet,
608 1562 706 1642 ipsius
735 1562 815 1625 deae
840 1563 985 1644 Jonicam
1015 1565 1171 1646 originem
1195 1565 1320 1627 indicat.
1364 1563 1406 1624 Et

158 1697 234 1738 sane
263 1675 350 1757 apud
376 1673 474 1754 Jones
502 1673 643 1735 maxime
672 1674 858 1736 Leucothea
886 1676 1060 1738 colebatur.
1109 1676 1168 1737 Tei
1198 1677 1281 1737 enim
1311 1674 1406 1736 seriae

158 1788 336 1870 agebantur
361 1775 546 1849 Λευκάθεα
573 1783 621 1865 (C.
641 1785 668 1866 J.
694 1784 732 1848 G.
757 1807 802 1850 nr.
827 1787 931 1868 3066),
961 1786 1032 1849 Chii
1058 1797 1090 1850 et
1113 1787 1283 1876 Lampsaci
1306 1785 1408 1847 mensi

159 1919 276 1962 nomen
299 1906 368 1960 erat
389 1889 597 1961 Λευκαθεών
619 1896 781 1975 (Bischoff.
805 1918 836 1978 p.
856 1900 940 1979 398),
964 1897 1036 1960 Deli
1059 1908 1128 1961 erat
1150 1897 1307 1980 templum
1322 1900 1407 1961 Λευ-

158 2005 278 2076 κόθιον
301 2007 389 2089 (bull.
413 2009 453 2069 de
476 2028 556 2069 corr.
581 2007 638 2082 VI,
661 2027 693 2087 p.
717 2011 780 2088 25),

246 2121 480 2182 Adrasteae
503 2127 542 2180 et
564 2117 752 2180 Nemesis
774 2140 866 2181 sacro
888 2118 1039 2182 thesauro
1056 2121 1224 2200 pecuniam
1245 2109 1409 2200 quandam

159 2234 283 2296 solvere
306 2231 452 2293 iubentur
472 2231 497 2291 si
521 2231 574 2310 qui
597 2239 732 2310 peccant
754 2231 784 2291 in
806 2230 889 2292 hanc
912 2240 995 2292 remi
1024 2227 1069 2317 μὴ
1092 2231 1130 2296 δὲ
1149 2225 1329 2315 ποι[εύντω
1347 2210 1413 2294 triv¹

159 2337 351 2431 ἀναγραφὰν
378 2339 451 2426 τ]ᾶς
481 2333 729 2423 ἇπολυτρώσιος
758 2334 800 2405 αἴ
826 2364 870 2404 κα
899 2336 944 2428 μὴ
965 2336 983 2406 ὁ
1007 2337 1124 2426 tende
1146 2335 1330 2425 ἀπαγγείλῃ
1350 2337 1410 2405 τὰν

159 2452 297 2541 θ]υσιάν
323 2449 575 2517 caremtenam
605 2453 685 2533 (Pat.
708 2472 753 2514 nr.
777 2468 834 2532 29;
858 2453 942 2515 Dub.
966 2475 998 2534 p,
1020 2454 1084 2533 61).
1129 2453 1288 2515 Videntur
1316 2452 1410 2532 igitur

159 2569 189 2630 in
219 2564 476 2639 manumissione,
507 2563 601 2630 videl.
631 2583 807 2639 servorum,
837 2563 1036 2627 conficienda
1063 2573 1171 2646 partes
1194 2565 1354 2646 quaedam
1376 2564 1407 2644 in

161 2678 230 2740 illas
258 2678 335 2740 deas
364 2676 532 2751 cecidisse,
564 2696 646 2757 quae
676 2684 785 2737 tamen
813 2696 831 2737 e
853 2675 935 2737 tituli
958 2675 1050 2738 valde
1074 2675 1182 2738 mutili·
1198 2696 1302 2757 neque
1325 2685 1398 2737 ante

159 2790 293 2853 cedente
315 2809 375 2850 nec
396 2796 551 2868 sequente
576 2795 667 2868 parte
690 2788 867 2850 accuratius
889 2787 1011 2850 definiri
1034 2796 1177 2868 possunt.

245 2898 506 2961 Concordiae
535 2890 731 2983 (Oporlot'p)
762 2897 920 2979 templum
948 2900 979 2960 in
1009 2899 1087 2962 urbe
1116 2920 1175 2980 pro
1205 2885 1333 2980 publico
1356 2919 1410 2959 ex·

159 3020 315 3077 structum
346 3017 395 3071 est
425 3009 503 3089 (Pat.
528 3030 573 3073 nr.
596 3009 659 3090 61).
682 3007 827 3071 —Ovis
851 3002 1095 3095 ei(0]norolp)
1126 3010 1295 3071 mactanda
1317 3029 1410 3089 prae·

159 3125 273 3206 cipitur
296 3123 326 3183 in
349 3119 438 3182 lastis
459 3119 599 3182 Isthmiis
621 3121 699 3200 (Pat.
724 3141 769 3184 nr.
791 3123 876 3201 401),

244 3233 393 3295 Necnon
411 3232 548 3293 Bonae
565 3232 772 3293 Fortunae
795 3222 902 3314 (Τύχᾳ
920 3224 1062 3316 Ἀγαθᾷ)
1080 3210 1410 3312 BonoqueGenio

159 3337 311 3430 (Ἀγαθῷ
331 3339 488 3424 Δαίμονι)
511 3341 599 3403 Coae
621 3342 757 3404 civitatis
780 3363 870 3404 sacra
893 3351 982 3404 erant
1005 3342 1084 3420 (Pat.
1109 3362 1155 3404 nr.
1182 3355 1237 3421 57;
1261 3339 1297 3405 C.
1315 3341 1341 3421 J.
1367 3339 1406 3403 G.

160 3478 205 3522 nr.
229 3458 332 3535 2510).

245 3807 523 3886 Nympharum
554 3825 644 3866 sacra
672 3805 790 3865 tributa
819 3813 975 3887 apparent
1003 3804 1034 3866 in
1057 3800 1128 3863 Coo
1151 3790 1244 3864 titulo
1266 3799 1320 3862 Ill.
1346 3798 1411 3861 lere

161 3940 189 3984 a.
214 3918 287 3981 Chr.
313 3938 395 3980 saec.
426 3917 505 3997 (Pat.
533 3936 579 3979 nr.
603 3932 661 3992 443
693 3915 778 3982 Dub.
803 3937 833 3997 p.
856 3916 926 3996 60);
958 3915 988 3975 in
1020 3934 1085 3997 quo
1115 3933 1236 3975 corona
1264 3909 1412 3972 honorati

161 4051 231 4092 esse
260 4029 406 4090 dicuntur
434 4028 462 4089 ei
492 4027 545 4107 qui
575 4037 608 4088 et
637 4026 831 4088 contribules
860 4027 955 4108 digne
986 4033 1185 4105 exceperunt
1208 4033 1240 4085 et
1260 4019 1413 4084 sacrificia

162 4142 218 4202 rite
242 4148 441 4202 curaverunt.
464 4175 506 4184 -
528 4137 576 4205 Cl.
601 4140 697 4201 etiam
727 4137 865 4201 Theocr.
887 4139 927 4200 id.
951 4137 1024 4212 Vll,
1052 4138 1120 4217 136,
1150 4150 1215 4214 154.
1239 4170 1278 4179 -
1301 4133 1412 4195 Adno-

1170 4237 1208 4306 5*
