3142 4986
677 317 891 380 -,7-

157 495 221 539 non
247 474 346 536 modo
369 474 494 535 Dianae
517 480 634 553 partes,
665 470 904 553 qualescunque
927 473 1044 554 sunt1),
1074 474 1115 535 ad
1139 473 1322 547 Arcadiam,
1354 473 1407 536 ubi

155 588 237 650 inter
258 585 418 668 principes
443 591 512 644 erat
533 582 623 656 deos,
643 591 790 664 spectare
813 575 957 663 possunt,
981 584 1038 645 sed
1062 584 1158 647 etiarn
1174 593 1207 646 et
1222 584 1405 647 Echemeae

156 708 189 760 et
207 695 364 758 Titanidis
383 713 510 755 nomen.
554 693 639 755 Nam
662 691 739 754 illud
762 713 826 755 non
848 693 952 755 obiter
974 691 1110 757 fortasse
1132 705 1290 776 provocat
1305 683 1410 758 Echess

156 828 247 872 mum
268 805 464 884 Tegeatam;
494 797 771 866 Titanibusvero
794 824 858 865 non
881 803 985 867 minus
1008 824 1107 886 quarn
1130 803 1329 886 Gigantibus,
1362 808 1408 870 sic

157 929 192 981 ut
214 936 336 999 paucae
357 914 512 996 regiones,
536 913 722 977 abundabat
738 913 880 998 Arcadia
899 913 949 996 (cf.
966 915 1136 996 Mayerum
1152 937 1183 996 p.
1201 920 1349 999 57,sqq.).
1366 955 1408 965 -

157 1029 284 1092 Eodem
307 1026 371 1090 sere
393 1027 483 1100 redit,
507 1026 595 1088 cuius
618 1046 736 1088 nornen
756 1025 857 1088 rivulo
877 1026 1133 1107 septentrionalis
1148 1026 1326 1090 Messeniae
1342 1039 1410 1092 erat

159 1141 261 1219 (Paus.
277 1139 334 1212 IV,
354 1154 401 1216 33,
417 1138 459 1218 6),
483 1137 579 1200 Titan
602 1136 718 1204 Coeus.
755 1137 841 1198 Inter
863 1137 995 1199 voculas
1019 1139 1126 1214 Κοῖος
1149 1147 1182 1200 et
1203 1140 1280 1216 Κῶς
1288 1139 1313 1223 2)
1334 1161 1407 1220 qua·

158 1251 195 1313 lis
225 1251 305 1312 ratio
328 1249 538 1330 grammatica
560 1248 682 1309 intersit
704 1268 769 1310 non
791 1256 878 1309 certe
901 1257 1036 1310 constat.
1081 1247 1150 1310 Nec
1173 1250 1261 1330 quod
1283 1248 1408 1314 Coeum

157 1362 364 1443 Argivosque
398 1359 474 1422 Cois
512 1358 632 1420 insulae
665 1351 898 1420 vetustissimos
927 1359 1067 1421 cultores
1097 1359 1278 1441 appellasse
1311 1359 1409 1424 fertur

157 1471 309 1536 Claudius
338 1473 513 1552 imperator
534 1470 701 1531 Romanus
729 1470 817 1549 apud
845 1479 993 1533 senatum
1023 1469 1122 1534 verba
1152 1470 1269 1534 faciens
1294 1472 1406 1554 (Tacit.

147 1597 228 1647 ann.
252 1584 323 1658 XII,
346 1583 399 1662 61)
429 1583 473 1642 ita
506 1581 642 1642 multum
671 1579 745 1642 fidei
768 1579 905 1642 attrahit.
953 1580 1078 1644 Certius
1099 1603 1176 1645 vero
1199 1582 1258 1646 Coi
1287 1571 1409 1646 insulae

157 1693 264 1756 Coeus
294 1691 444 1753 vindicari
473 1709 570 1771 posse
599 1691 671 1752 inde
700 1691 840 1766 videtur,
871 1694 959 1772 quod
989 1693 1031 1754 ibi
1053 1693 1217 1757 Phoebam
1245 1698 1276 1776 (e
1300 1694 1406 1759 Coeo:

158 1803 291 1866 Hesiod.
321 1801 432 1882 theog.
461 1817 526 1878 404
554 1820 643 1882 sqq.;
679 1801 740 1883 alii)
775 1805 938 1884 peperisse
965 1804 1127 1868 Latonam
1155 1827 1269 1887 reapse
1300 1805 1408 1870 sabula

158 1913 245 1993 apud
268 1911 355 1974 Coos
375 1920 452 1974 erat.
491 1911 661 1994 Reperitur
683 1913 763 1976 haec
786 1915 816 1976 in
838 1915 990 1978 Herodae
1013 1916 1205 1979 mimiambis
1229 1919 1289 1998 (ed.
1304 1918 1407 1982 Lond.

162 2026 254 2104 1891)
277 2043 379 2104 nuper
407 2025 438 2084 in
467 2043 595 2104 papyro
622 2026 764 2106 repertis
797 2045 880 2105 quos
901 2035 1075 2107 antequam
1097 2027 1172 2089 iuris
1194 2028 1312 2108 publici
1334 2027 1408 2090 facti

160 2144 242 2209 sunt,
271 2134 378 2215 legere
407 2134 483 2196 mihi
513 2135 599 2198 licuit
624 2156 683 2216 per
703 2137 936 2217 benignitatem
958 2137 1015 2198 viri
1037 2138 1124 2199 docti
1146 2143 1179 2199 F.
1204 2137 1243 2200 G.
1267 2139 1407 2219 Kenyon

158 2245 385 2322 Londinensis;
414 2247 455 2308 ad
479 2244 549 2308 Con
579 2267 649 2308 sese
680 2246 864 2309 referendos
893 2267 963 2309 esse
992 2247 1052 2328 ipsi
1082 2248 1123 2310 ad
1146 2249 1257 2311 oculos
1279 2251 1408 2312 demon·

156 2367 268 2420 strant.
312 2357 442 2420 Etenim
471 2357 545 2420 leno
569 2359 699 2437 quidam
720 2359 870 2420 Battarus
891 2359 978 2440 apud
1000 2358 1148 2440 publicos
1170 2361 1289 2424 iudices
1310 2360 1409 2422 verba

156 2488 216 2550 pro
245 2489 280 2531 se
310 2468 428 2531 iaciens
456 2489 530 2531 cum
556 2469 665 2530 incitat
692 2488 757 2543 eos
783 2477 818 2530 ut
840 2468 988 2530 iudicium
1016 2471 1113 2532 edant
1135 2481 1243 2533 vetere
1267 2469 1408 2534 Coorum

156 2580 250 2642 laude
273 2580 416 2661 dignum,
440 2579 602 2642 exclamat
625 2579 676 2660 (ll,
700 2593 739 2659 95
765 2581 866 2661 sqq.):

362 2692 415 2754 νῦν
436 2681 578 2773 δ(ο)ίξοτ’
604 2682 624 2776 ἡ
647 2691 725 2768 Κῶς
746 2681 794 2770 χώ
815 2687 942 2772 Μέροψ
963 2684 1062 2754 κόσον
1084 2688 1211 2775 δραίνει

362 2791 410 2879 χώ
433 2787 600 2879 Θεοοαλός
620 2793 683 2865 τίν’
709 2793 776 2882 εἶχε
797 2792 961 2887 griponi-ig
984 2796 1083 2880 δόξαν

361 2904 572 2996 χώσκληπιὸς
592 2915 658 2991 κῶς
678 2899 782 3000 ἦλθεν
806 2906 923 2978 ἐνθάδ’
950 2909 987 2976 ἐκ
1016 2911 1157 2998 Τρίκκης

363 3011 492 3105 uirtute
513 3025 647 3107 Λητοῦν
671 3008 734 3088 ὧδε
755 3025 810 3088 τοῦ
832 3017 927 3108 χάριν
950 3021 1070 3108 Φοίβη.

243 3131 316 3193 Hae
346 3151 459 3192 omnes
487 3143 560 3194 sunt
583 3133 648 3196 lere
676 3155 726 3196 res
747 3155 830 3216 quae
850 3137 1071 3198 demonstrent
1094 3134 1152 3198 Coi
1175 3135 1296 3198 insulae
1318 3137 1409 3199 inter·

157 3241 254 3305 fuisse
284 3242 362 3304 olim
391 3262 465 3303 cum
487 3241 627 3304 Arcadia
648 3243 925 3328 Peloponnesique
947 3255 1038 3327 parte
1061 3246 1301 3328 septentrionali
1323 3245 1409 3310 haud

158 3355 310 3436 exiguam
331 3354 612 3416 necessitudinem:
637 3356 773 3418 reddunt
788 3357 883 3437 igitur
897 3358 962 3420 veri
979 3358 1175 3420 simillimum
1190 3358 1287 3420 etiam
1305 3358 1408 3422 Mero·

158 3486 236 3545 pum
258 3465 395 3528 nationis
418 3463 521 3527 Coam
544 3473 669 3546 partem
692 3467 764 3529 inde
787 3469 911 3532 exiisse.

246 3718 269 3785 ¹)
286 3722 383 3772 Dianae
408 3723 538 3773 Minervae
560 3724 685 3774 Mercurio
709 3741 862 3791 repugnasse
885 3727 997 3786 Eumeli,
1024 3727 1136 3792 Meropis
1161 3728 1207 3777 Coi
1230 3728 1288 3790 filii,
1314 3728 1407 3778 liberos

161 3805 291 3866 Agronem
319 3808 475 3873 Meropidem
504 3809 607 3874 Byssam
635 3818 735 3861 enarrat
761 3811 831 3861 Boeo
859 3810 941 3876 (apud
968 3815 1065 3864 Anton.
1088 3814 1172 3863 Liber.
1193 3813 1263 3879 XV).
1298 3815 1333 3862 At
1355 3822 1409 3863 tota

162 3888 236 3938 huius
256 3891 364 3940 narratio
384 3893 418 3943 ita
436 3896 591 3945 ornamentis
608 3897 714 3960 poeticis
732 3897 854 3954 abundat,
874 3906 902 3946 ut
920 3899 982 3962 quid
1000 3915 1082 3948 rerum
1093 3900 1153 3948 iude
1165 3907 1230 3949 certe
1242 3900 1305 3949 sumi
1317 3899 1405 3964 possit,

160 3973 203 4022 vix
230 3975 290 4023 mihi
317 3985 421 4029 constet.
460 3981 566 4030 Videtur
592 3990 674 4030 autern
702 3997 753 4031 non
782 3981 828 4031 nisi
856 3984 991 4047 agrestium
1018 3984 1149 4034 hominum
1172 3985 1234 4035 acris
1257 3986 1343 4049 imago
1366 4001 1408 4034 ex·

160 4075 245 4125 pressa
262 4075 324 4109 esse.

246 4143 270 4211 ¹)
288 4141 371 4206 Κόως
397 4150 465 4213 apud
492 4163 581 4216 poetas
608 4161 704 4202 tanturn
731 4152 876 4210 adhibetur3
906 4155 1008 4203 subesse
1034 4155 1110 4219 igitur
1136 4164 1218 4220 potest
1240 4155 1326 4220 epicus
1349 4171 1407 4207 usus

159 4232 335 4301 distractionis
1023 4292 1027 4298 ,

210 4325 339 4369 lebelt.
1189 4339 1204 4374 2
