3142 4986
618 314 830 378 ’.4,-

93 471 182 552 quod
214 471 313 552 Argis
349 472 435 534 nulla
471 492 584 534 eorum
619 471 680 533 alia
713 472 849 552 vestigia
881 474 1080 553 reperiuntur
1112 492 1294 551 nomenque
1327 492 1346 533 a

92 582 236 645 Doribus
258 581 398 645 funditus
421 602 614 663 oppressum
636 592 703 658 est;
726 583 901 644 vicinarum
923 592 1033 645 tamen
1055 584 1169 646 sedum
1192 583 1347 646 memoria

91 701 210 756 exstat.
254 693 412 756 Nemeam
434 695 518 755 enirn
539 694 679 756 tenuisse
702 694 855 775 Dryopes
865 693 890 774 1)
913 692 1026 775 Steph.
1049 695 1128 775 Byz.
1144 715 1168 757 s.
1186 716 1215 760 V.
1233 692 1346 776 Νεμέα

90 813 246 880 testatur;
278 826 336 867 nec
366 825 430 866 non
460 804 552 867 huius
583 803 648 866 fere
680 805 899 867 reconditioris
928 806 1065 885 regionis
1095 803 1271 885 Argolicae
1298 817 1347 868 est

90 913 207 978 fluvius
237 937 256 977 a
286 914 390 978 Statio
420 915 535 995 (Theb.
567 915 625 990 IV,
653 919 723 996 122)
757 917 1006 997 ‘Dryopumque
1036 916 1166 978 trahens
1195 916 1348 978 Erasinus

88 1026 217 1089 aristas'
243 1036 385 1100 vocatus,
417 1028 471 1106 qui
498 1027 597 1088 oritur
620 1028 650 1088 in
674 1047 753 1108 agro
777 1025 1012 1108 Stymphalico,
1043 1027 1215 1088 effunditur
1238 1037 1347 1090 autem

87 1136 174 1199 inter
196 1137 307 1217 Argos
329 1147 362 1199 et
383 1138 524 1200 Lernam
533 1137 568 1219 2).

178 1249 238 1310 His
267 1249 424 1329 expositis
452 1249 516 1310 iam
545 1249 630 1310 aliud
653 1250 693 1310 de
715 1249 890 1329 Dryopum
914 1247 1008 1310 rebus
1031 1249 1168 1310 iudicare
1191 1249 1346 1312 debemus

86 1378 191 1441 quarn
214 1357 277 1421 Od.
300 1359 483 1433 Muellerus,
516 1360 570 1440 qui
598 1359 732 1421 navibus
755 1360 836 1422 sicut
859 1361 889 1421 in
912 1360 1030 1421 insulas
1052 1359 1222 1421 Euboeam
1245 1359 1347 1440 Cyth-

86 1489 178 1542 num,
202 1469 247 1531 ita
269 1471 300 1531 In
322 1469 488 1550 Argolidis
510 1471 606 1532 urbes
629 1471 803 1533 maritimas
826 1490 883 1532 eos
904 1471 1087 1551 pervenisse
1110 1472 1232 1533 censuit
1255 1471 1345 1551 (Dor.

86 1562 116 1655 I,
136 1596 191 1658 43,
215 1581 321 1661 sq.)³).
368 1580 452 1643 Sane
476 1582 654 1644 maritimae
677 1583 776 1643 modo
799 1583 892 1644 sedes
908 1581 976 1642 viro
991 1583 1178 1644 doctissimo
1194 1584 1224 1643 in
1240 1591 1347 1644 mente

85 1689 234 1754 fuerunt!
267 1692 316 1753 Ita
338 1693 446 1772 potius
469 1713 520 1755 res
543 1713 577 1754 se
600 1693 719 1756 habere
742 1693 882 1755 videtur:
906 1692 1060 1773 Dryopes
1083 1694 1150 1755 sive
1166 1713 1208 1755 ex
1224 1692 1347 1755 Isthmo

84 1803 160 1865 siue
183 1801 376 1864 Corinthiaci
406 1804 493 1865 sinus
523 1824 579 1865 ora
609 1803 744 1885 profecti
767 1803 949 1866 habitarunt
972 1803 1170 1883 aliquantum
1192 1806 1348 1885 temporis

82 1912 258 1995 Argolidis
280 1914 326 1974 eis
349 1913 414 1975 fere
437 1934 520 1994 quos
542 1916 608 1976 dixi
631 1915 719 1988 locis,
743 1924 812 1977 tum
832 1935 851 1976 a
868 1914 1010 1976 Doribus
1025 1923 1152 1976 strenue
1169 1917 1348 1996 progressis

82 2024 219 2107 longius
241 2024 433 2105 longiusque
453 2025 581 2106 repulsi,
606 2027 707 2088 Asine
731 2046 861 2107 quoque
877 2034 987 2105 erepta
1003 2046 1067 2087 non
1083 2025 1141 2086 nisi
1156 2025 1187 2085 in
1201 2034 1348 2088 extrema

83 2135 300 2219 paeninsulae
323 2157 388 2208 ora,
413 2136 478 2198 scil.
503 2137 699 2198 Hermionae
723 2146 755 2198 et
776 2137 879 2198 Elone
892 2137 916 2217 4)
942 2136 1059 2227 servati
1082 2144 1165 2198 sunt.

177 2304 201 2372 1)
220 2307 263 2356 Ad
287 2307 354 2355 hunc
379 2308 430 2357 fere
454 2309 538 2358 locum
556 2317 670 2373 spectare
687 2309 794 2369 videtur,
821 2316 848 2357 ut
866 2307 989 2356 Maassius
1007 2323 1048 2356 me
1065 2307 1171 2367 monuit,
1197 2308 1348 2372 genealogia

83 2393 177 2443 herois
193 2392 312 2456 Dryopis,
332 2391 376 2440 filii
394 2393 521 2457 Apollinis
541 2401 566 2440 et
583 2393 657 2450 Diae,
684 2394 810 2457 Lycaonis
828 2392 894 2442 filiae
912 2393 1000 2455 (schol.
1021 2393 1149 2457 Lycophr.
1170 2404 1235 2455 479;
1263 2394 1347 2458 Etym.

84 2478 127 2529 Μ.
150 2495 179 2544 p.
201 2477 263 2536 288;
290 2477 370 2526 schol.
393 2477 480 2540 Apoll.
505 2478 556 2527 Rh.
580 2480 602 2540 Ι,
631 2477 717 2542 1213).
764 2479 814 2527 Dia
837 2479 904 2527 enim
927 2477 1012 2542 (Heba
1036 2478 1196 2543 Ganymeda)
1218 2480 1348 2528 colebatur

84 2563 215 2631 proximis
232 2563 259 2612 in
277 2562 380 2610 urbibus
398 2561 515 2612 Phliunte
533 2570 558 2611 et
575 2563 684 2625 Sicyone
703 2561 806 2628 (Strabo
824 2565 899 2622 VIII,
914 2563 984 2629 382).
1019 2565 1115 2612 Eadem
1133 2566 1203 2629 quod
1221 2566 1348 2629 Lycaonis

85 2648 144 2699 fitia
170 2658 276 2698 vocatur
302 2663 366 2696 non·
382 2647 497 2697 offendit.
537 2650 604 2697 Nam
634 2666 685 2714 quo
709 2656 776 2698 nexu
799 2649 842 2698 illa
865 2650 916 2698 fere
940 2650 1010 2712 regio
1033 2666 1090 2698 curn
1113 2651 1216 2715 propria
1239 2651 1348 2700 Arcadia

84 2733 234 2799 copuletur,
255 2734 346 2798 passim
365 2733 592 2783 demonstravimus
611 2732 648 2799 (p.
668 2734 698 2792 6;
721 2747 759 2792 10,
784 2734 822 2799 1);
842 2742 868 2783 et
885 2735 954 2800 ipsos
971 2736 1088 2799 Dryopes
1105 2736 1244 2786 Arcadicos
1261 2737 1348 2785 videas

10 2844 19 2861 ι·
82 2836 116 2887 p.
134 2821 179 2881 46.
204 2846 236 2858 »-
265 2818 345 2883 Copia
372 2818 432 2866 data
456 2819 544 2868 tollere
570 2819 645 2869 liceat
672 2836 780 2868 errorem
807 2820 834 2868 in
862 2836 936 2885 quem
963 2821 1028 2886 rapti
1054 2829 1112 2869 sunt
1139 2821 1348 2871 Wilamowitzius

29 2956 33 2961 ,
85 2904 185 2969 (Hom.
205 2905 264 2954 Unt.
284 2921 311 2968 p.
332 2905 437 2961 22211.)
462 2920 490 2953 ac
514 2905 665 2970 Toepfferus
691 2905 834 2969 (‘Anomia²
859 2923 886 2970 p.
905 2905 961 2970 40).
1000 2907 1128 2955 Tribuunt
1154 2907 1221 2955 enim
1247 2906 1348 2956 Pittheo

10 2974 25 3027 ,²
82 2990 234 3041 Troezenio
259 2998 364 3038 matrem
382 2989 458 3037 Diam
481 2990 532 3038 nixi
550 2991 576 3038 in
594 2991 692 3039 scholio
712 2991 785 3039 Piud.
807 2991 888 3052 01.1,
912 3005 968 3052 144,
990 2991 1032 3039 ubi
1052 3000 1228 3040 enumerantur
1245 2991 1348 3056 Pelopis

10 3102 12 3107 ·
85 3074 130 3141 (et
148 3073 351 3140 Hippodamiae)
370 3073 424 3122 filil.
462 3075 583 3139 Legimus
600 3084 684 3126 autem
704 3077 773 3142 apud
786 3077 954 3125 Boeckhium:
970 3071 1084 3147 Ἀτρεὺς,
1106 3079 1235 3142 Θυέστης,
1255 3112 1347 3127 ......

83 3158 215 3221 Πιτθεὺς
226 3160 256 3212 ἐκ
265 3165 335 3219 Δίας
346 3152 363 3224 ἢ
376 3156 547 3231 Χρύσιππος
556 3156 715 3228 ἔξἈξιὸχης
726 3155 840 3232 νύμφης
848 3165 894 3213 καὶ
906 3165 1079 3227 Πλεισθένης
1090 3159 1119 3222 ἐξ
1131 3154 1220 3226 ἄλλης.
1240 3163 1278 3211 lta
1290 3177 1347 3225 pnr-

84 3246 170 3297 ticula
181 3239 198 3312 ἢ
213 3247 318 3295 omnino
335 3263 387 3294 nou
401 3246 562 3310 intellegitur.
586 3248 692 3296 Attolle
707 3264 790 3296 rursus
800 3265 876 3313 quam
885 3248 999 3312 Heanus
1008 3249 1110 3297 demum
1120 3247 1219 3295 addidit
1229 3246 1347 3295 voculam

10 3368 12 3373 .
85 3328 121 3385 ἔκ
133 3340 210 3397 atque
222 3334 337 3381 conferas
351 3331 430 3380 schol.
443 3331 529 3396 Eurip.
541 3331 622 3382 Orest.
634 3347 665 3393 4:
685 3329 801 3403 Ἀτρεύς,
816 3336 944 3398 Θυέστης,
958 3337 1035 3390 Δίας.
1048 3325 1229 3402 Κυνόσουρος
1243 3367 1345 3392 .......

10 3410 12 3423 '
86 3410 217 3472 Πιτθεύς
228 3452 316 3466 .....
334 3418 381 3467 καὶ
400 3415 428 3467 ἔκ
447 3433 521 3474 τινος
535 3410 657 3486 Ἀξιόχης
674 3412 760 3477 νόθος
778 3413 962 3485 Χρύσιπποςε
984 3419 1033 3467 iarn
1051 3419 1132 3467 elucet
1150 3427 1175 3467 et
1193 3417 1269 3467 irater
1285 3416 1348 3481 (nou

10 3480 15 3539 l
86 3500 181 3566 mater)
203 3501 295 3550 Pitthei
317 3510 342 3551 et
365 3518 426 3551 sana
452 3509 490 3551 est
512 3503 576 3550 ratio
603 3505 767 3567 grammatica
788 3499 931 3570 (Πιτθεύς,
949 3534 984 3542 -
1001 3509 1072 3562 Δίας
1096 3495 1112 3570 ἢ
1132 3497 1302 3574 Χρύσιππος
1321 3501 1351 3564 ἒξ

85 3581 145 3651 Ἀ.)
174 3586 283 3647 (Videas
305 3588 425 3636 Diautem
448 3587 597 3651 Pelopidam
621 3590 695 3637 etiarn
720 3590 745 3637 111
770 3591 854 3654 Etym.
880 3593 916 3641 M.
942 3607 961 3640 s.
980 3607 1003 3640 v.
1022 3608 1047 3655 p.
1067 3600 1125 3651 270,
1149 3584 1204 3647 ιο.)
1237 3588 1348 3653 Sumpsit

87 3688 153 3723 vero
171 3673 231 3722 rude
248 3672 400 3737 Toepfferus
418 3673 584 3722 Troezeniam
602 3673 688 3734 Diam,
708 3690 847 3739 perquam
868 3691 952 3724 rursus
970 3675 1118 3735 Pirithoum,
1139 3673 1192 3722 eius
1210 3673 1296 3732 filiurn,
1316 3689 1347 3721 ne

88 3776 105 3809 a
123 3757 255 3808 Troezene
274 3758 377 3822 quidem
395 3758 504 3806 alienum
523 3757 599 3806 fuisse
616 3759 767 3822 probatums
785 3760 839 3809 suit.
874 3760 946 3810 Haec
964 3760 1041 3824 igitur
1059 3767 1186 3808 corruunt.
1221 3759 1348 3806 Tenemus

87 3842 177 3893 adhuc
198 3843 268 3892 iuxta
292 3843 396 3891 Plrithoi
422 3851 541 3904 matrem,
567 3843 676 3892 Deionei
700 3843 791 3902 filiam,
817 3846 994 3894 tantummodo
1017 3846 1091 3894 deam
1115 3843 1185 3892 illam
1203 3842 1348 3906 Sicyoniam

87 3927 239 3979 Phliasium:
264 3944 326 3977 num
348 3928 499 3977 cohaereant
518 3927 703 3992 explorandum
723 3936 806 3978 restat.
825 3959 857 3966 —
877 3930 992 3979 Ceterum
1011 3929 1151 3978 Pirithoum
1169 3929 1348 3993 Theseumque

87 4028 107 4063 ι
133 4012 280 4078 Dryopibus
308 4027 361 4061 esse
390 4020 546 4078 propagatos
575 4029 628 4062 non
655 4013 736 4077 magis
763 4031 839 4078 quam
865 4015 1021 4064 Kirchnerus
1049 4031 1074 4079 p.
1093 4014 1139 4073 61,
1167 4027 1180 4062 2
1208 4013 1348 4063 concedam

87 4097 246 4164 Toepffero:
265 4097 378 4147 funditus
394 4099 446 4146 labi
465 4099 525 4146 mihi
543 4098 650 4149 videtur.

180 4179 206 4248 ¹)
224 4183 331 4232 Pausan.
349 4184 384 4242 11,
406 4198 447 4245 24,
469 4184 497 4242 63
519 4184 561 4246 36,
582 4184 612 4242 6;
633 4184 708 4242 VIII,
730 4198 770 4244 22,
789 4199 814 4248 3.

178 4264 203 4335 ¹)
222 4268 336 4319 Sectatus
354 4277 391 4317 est
409 4269 484 4317 etiam
503 4269 522 4316 is
540 4267 583 4334 qui
601 4268 743 4333 nuperrime
762 4269 808 4318 has
826 4285 864 4318 res
883 4269 967 4332 attigit
984 4270 1134 4334 Toepfferus
1152 4268 1169 4317 l.
1188 4267 1205 4318 l.
1223 4284 1248 4332 p.
1266 4281 1309 4331 43.

176 4349 201 4419 ⁴)
220 4353 299 4403 Diod.
318 4355 363 4412 IV,
384 4364 425 4417 37.
444 4382 476 4390 -
495 4348 614 4420 Δρυόπη
634 4369 715 4422 prope
727 4353 892 4402 Hermionam
910 4354 1011 4402 affertur
1029 4354 1098 4418 apud
1116 4353 1205 4417 Steph.
1217 4354 1276 4418 Byz.
1291 4369 1310 4403 s.
1323 4371 1348 4404 v.
