3156 4972
684 317 893 378 ,43-

249 471 325 533 Non
353 472 447 552 pauci
476 481 551 532 sunt
580 482 729 533 auctores
758 471 812 550 qui
839 473 981 552 produnt
1009 470 1244 552 Spercheum¹)
1277 469 1417 546 fluvium,

163 582 456 664 Tymphrestum²)
499 580 655 661 Oetam⁸)
698 592 844 655 montes,
888 582 1116 661 Trachidem⁴)
1160 582 1237 644 olim
1279 584 1419 645 tenuisse

162 692 327 774 Dryopes.
372 690 437 772 Qui
466 691 547 753 fines
573 713 647 754 cum
675 694 717 755 ad
739 693 912 756 Maliacum
938 695 1042 755 sinum
1064 702 1206 774 pateant,
1237 694 1310 755 inde
1332 704 1419 756 certe

161 824 222 886 per
243 803 400 885 Euripum
428 804 563 865 navibus
584 805 644 865 iter
667 804 741 866 lecit
763 825 802 866 ea
824 805 961 866 nationis
982 825 1067 886 pars,
1097 824 1181 884 quae
1203 804 1358 866 Euboeae
1376 805 1418 866 in·

162 913 288 977 ferioris
310 916 342 976 in
363 935 421 977 ora
442 914 641 986 occidentali,
666 913 818 996 Styrae⁵)
840 925 874 977 et
888 914 1064 996 Carysti⁶),
1087 924 1185 996 atque
1203 916 1234 976 iu
1250 914 1382 995 Cythno
1392 918 1418 995 τ)

161 1026 275 1100 insula,
307 1047 390 1107 quae
419 1026 529 1106 paullo
560 1026 686 1106 longius
708 1027 750 1088 ad
772 1027 938 1088 meridiem
960 1028 1074 1108 vergit,
1102 1028 1266 1107 reperitur.

249 1137 294 1200 Et
308 1138 349 1200 de
364 1136 516 1198 Euboicis
533 1137 629 1198 rebus
643 1138 740 1200 etiam
756 1137 876 1200 haecce
891 1139 1083 1202 consideres
1112 1137 1296 1200 Antoninus
1309 1137 1415 1201 Liber.

161 1248 226 1312 sab.
249 1248 332 1331 [Vn
362 1258 489 1309 enarrat
511 1248 673 1328 Apollinis
696 1248 909 1330 Herculisque
937 1248 1140 1330 potissimum
1163 1248 1252 1311 litem
1274 1250 1316 1310 de
1338 1248 1417 1310 Am-

160 1360 290 1422 braciae
317 1359 522 1441 possessione
551 1369 659 1421 actam
682 1379 790 1421 coram
813 1358 983 1441 Cragaleo,
1014 1360 1158 1440 Dryopis
1178 1358 1253 1432 filio,
1283 1360 1337 1439 qui
1359 1361 1418 1444 γῆς

159 1471 219 1554 τῆς
236 1467 429 1553 Δρυοπίδος
451 1464 544 1553 παρὰ
566 1464 606 1533 τὰ
626 1466 745 1555 λουτρὰ
765 1467 806 1534 τὰ
816 1462 1018 1555 εΗρονλὲοος
1042 1473 1204 1536 habitasse
1219 1472 1342 1539 dicitur.
1380 1471 1416 1534 ln

160 1583 418 1663 argumentando
450 1600 531 1661 quas
561 1582 698 1662 quisque
729 1582 823 1644 affert
854 1603 904 1645 res
927 1582 991 1646 hoc
1013 1604 1099 1645 nexu
1122 1583 1245 1644 solutas
1268 1582 1416 1662 nudeque

249 1794 274 1859 ι)
291 1796 439 1844 Aristoteles
455 1796 525 1860 apud
545 1796 665 1845 Strabon.
685 1798 760 1857 VlII,
780 1811 847 1861 373;
867 1798 1005 1859 Pherecyd.
1025 1798 1078 1846 1.l.

247 1877 272 1945 ¹)
291 1881 383 1930 Strabo
401 1882 450 1941 IX,
463 1895 514 1945 433
532 1882 601 1930 hunc
619 1892 742 1940 montem,
762 1884 831 1932 unde
842 1883 984 1948 Spercheos
1002 1883 1101 1932 initium
1120 1884 1196 1948 capit,
1217 1891 1292 1933 vooat
1306 1885 1418 1949 Dryopi-

160 1982 228 2026 cum.
256 1967 327 2031 quod
349 1975 415 2016 recte
437 1983 464 2015 se
487 1968 581 2016 habere
604 1968 728 2016 immerito
754 1985 852 2032 negans
875 1968 1011 2017 Bursianus
1036 1967 1080 2032 (G.
1098 1969 1144 2018 Gr.
1164 1970 1186 2028 1,
1207 1968 1239 2029 87
1259 1968 1300 2032 11.)
1321 1970 1417 2019 censuit

159 2052 321 2103 scribendum
339 2068 393 2101 esse
410 2045 581 2104 Δολοπικδν.

247 2134 385 2202 ’)Α111011.
404 2139 488 2187 Liber.
507 2138 560 2187 fab.
581 2152 628 2201 32;
653 2139 745 2188 Strabo
767 2140 815 2196 1x,
835 2152 887 2202 434
909 2139 970 2188 dicit
990 2139 1024 2188 ad
1046 2139 1137 2189 Oetam
1161 2141 1276 2205 Dryopes
1298 2150 1417 2205 quattuor

159 2225 236 2274 urbes
253 2223 396 2273 incoluisse.

246 2307 271 2374 ⁴)
290 2310 378 2374 Steph.
401 2310 462 2370 Byr.
487 2326 507 2359 s.
526 2327 550 2359 v.
568 2304 702 2375 Δρυόπη;
730 2309 890 2374 Euphorion.
911 2326 952 2374 ep.
969 2325 1022 2374 sep.
1040 2311 1066 2358 in
1083 2310 1190 2358 Authol.
1210 2309 1265 2358 Pal.
1284 2310 1346 2368 VII,
1366 2310 1413 2374 651

160 2393 233 2459 (nam
256 2404 323 2444 recte
347 2412 378 2444 ex
403 2395 529 2443 vocabulo
552 2395 653 2465 νρῆχος
670 2394 764 2444 tradito
782 2395 828 2444 viri
845 2395 915 2445 docti
933 2395 1070 2445 elicuerunt
1090 2394 1212 2466 Τρῆχνς).
1248 2397 1278 2444 Iu
1297 2396 1334 2444 eis
1351 2411 1417 2460 quae

159 2481 187 2530 iu
209 2481 291 2530 schol.
312 2480 401 2544 Apoll.
424 2480 476 2530 Rh.
500 2481 524 2538 l,
551 2493 615 2529 1212
643 2480 792 2529 traduntur:
822 2474 855 2532 τὸ
882 2481 942 2531 πᾶν
964 2479 1049 2539 ἔθνος
1071 2478 1117 2543 (sc.
1141 2481 1270 2546 Dryopes)
1294 2479 1342 2532 dui
1365 2479 1417 2544 τῆν

160 2567 290 2640 λῃστείαν
312 2560 465 2637 μετῴκισεν
483 2565 529 2628 (sc.
550 2566 686 2629 Herculea)
706 2567 772 2632 περὶ
794 2569 919 2635 Τραχῖνα
938 2563 989 2631 τὴν
1009 2563 1180 2632 Θεσσαλικὴν
1199 2560 1284 2618 πόλιν
1300 2570 1348 2618 καὶ
1365 2562 1417 2630 τὴν

162 2653 248 2716 Οἴτην
266 2645 298 2702 τὸ
316 2643 382 2721 ὅρος
398 2647 472 2722 πρὸς
488 2656 546 2708 τοῖς
563 2648 640 2722 ὅροις
656 2651 704 2718 τῆς
722 2650 857 2714 Φωκίδος,
876 2653 922 2704 ἵνα
940 2652 973 2723 τῇ
991 2652 1084 2723 πολλῇ
1101 2653 1157 2704 πᾶν
1174 2646 1337 2721 ἄνθρωπον
1353 2652 1415 2705 lut·

159 2739 239 2806 μιξίᾳ
263 2738 315 2787 τοῦ
332 2737 479 2808 λῃστρικοῦ
501 2729 590 2802 ἤθους
611 2731 795 2804 ἀπόσχωνται
816 2737 985 2802 corruptelam
1006 2737 1086 2788 latere
1110 2738 1168 2787 inde
1191 2739 1225 2787 ab
1243 2737 1275 2788 O.
1293 2739 1417 2788 Muellero

160 2838 308 2872 oouoemum
334 2832 379 2872 est.
415 2824 482 2874 Nam
506 2824 651 2887 ubicunque
674 2823 707 2870 de
730 2822 881 2872 transductis
904 2823 937 2870 ab
954 2823 1065 2873 Hercule
1083 2823 1230 2888 Dryopibus
1247 2825 1339 2889 agitur,
1364 2841 1416 2873 non

162 2907 207 2957 ὑί
224 2908 259 2956 ad
278 2908 481 2973 Peloponnesum
499 2924 538 2956 res
557 2908 675 2973 pertinet.
709 2907 869 2972 Flagitamus
886 2907 971 2972 igitur,
994 2916 1023 2957 ut
1039 2910 1089 2958 hoc
1107 2924 1210 2974 quoque
1227 2909 1286 2959 loco
1306 2909 1377 2971 item,
1396 2910 1417 2958 si

163 2988 243 3043 n'nus
264 2993 356 3043 diserte
379 2994 484 3052 dictum,
510 3001 622 3043 attamen
645 2993 806 3041 subauditum
830 2993 871 3042 sit.
913 2992 958 3042 Sin
983 3002 1066 3043 autem
1088 2993 1206 3058 supplere
1224 2993 1338 3055 velimus,
1363 3010 1417 3042 non

160 3077 237 3128 rideo
256 3094 300 3127 cur
318 3079 350 3127 ab
368 3079 453 3142 Etym.
474 3079 564 3143 Magni
582 3079 640 3128 loco
660 3077 698 3142 (p.
719 3089 776 3141 154,
798 3074 835 3141 7),
862 3078 980 3141 quicum
1001 3077 1099 3127 scholio
1118 3078 1262 3126 collaudato
1280 3078 1416 3128 arctissime

160 3163 279 3212 oohaeret
304 3161 347 3225 (cl.
365 3164 526 3212 Knaackium
544 3163 633 3212 Herm.
654 3162 758 3219 XXIII,
782 3160 851 3225 135),
875 3163 1034 3211 discedamus
1056 3170 1081 3211 et
1104 3179 1156 3212 non
1174 3162 1312 3211 scribamus
1328 3157 1416 3231 μετῴ-

159 3262 235 3300 κισεν
259 3245 304 3306 (ἐν
328 3249 361 3320 τῇ
383 3242 591 3316 Πελοποννήσῳ
615 3249 655 3296 vel
679 3250 720 3304 cic
742 3245 793 3311 τὴν
815 3241 1061 3312 Πελοπόννησον),
1087 3263 1144 3296 cnm
1166 3247 1291 3312 scripserit
1312 3249 1417 3299 Bethius

161 3330 206 3398 (ef.
226 3334 317 3382 Herm.
338 3335 440 3394 XXIII,
460 3332 537 3398 319):
559 3333 616 3395 (εἰς
632 3329 767 3398 Ἀσίνην).
803 3333 877 3380 Tunc
895 3333 978 3382 verbis
995 3333 1088 3382 iudea
1105 3335 1171 3399 περὶ
1194 3336 1318 3403 Τραχῖνα
1336 3351 1416 3399 usque

160 3419 194 3468 ad
219 3418 346 3477 Φωκίδος
368 3419 467 3483 scriptis
491 3434 521 3468 ea
544 3419 629 3482 regio,
658 3419 727 3467 uude
749 3418 786 3466 illi
810 3429 868 3466 suut
893 3419 1009 3475 deducti,
1041 3418 1178 3481 significari
1200 3435 1230 3467 ac
1254 3420 1359 3470 fortasse
1380 3421 1416 3470 ita

161 3519 235 3569 posse
260 3505 335 3553 scribi
352 3505 467 3553 videtur:
491 3501 536 3564 (ἐκ
554 3504 609 3556 τῶν
627 3498 723 3556 τόπων
742 3499 811 3559 τῶν)
829 3505 895 3569 περὶ
916 3507 961 3572 Τρ.
998 3503 1050 3552 Sed
1068 3505 1151 3552 obstat
1169 3505 1240 3568 quod
1257 3521 1310 3553 nou
1328 3521 1359 3554 ex
1376 3506 1416 3554 his

161 3589 232 3646 locis,
256 3590 301 3639 sed
328 3592 483 3639 ePamasso
501 3590 712 3655 Delphorumque
735 3589 862 3637 vicinitate
887 3588 1100 3638 transductiouem
1125 3604 1178 3638 ease
1196 3588 1288 3639 iactam
1306 3598 1331 3638 et
1350 3606 1416 3639 nexu

160 3690 242 3724 rerum
261 3675 431 3734 confirmatur¹
456 3677 482 3724 id
500 3676 571 3741 quod
589 3675 654 3724 infra
671 3675 821 3734 videbimus¹
847 3682 873 3723 et
889 3674 989 3738 saepius
1007 3674 1098 3723 diserte
1116 3674 1241 3739 proditur.
1281 3676 1351 3741 Ergo
1368 3675 1416 3724 ista

157 3761 246 3824 ,verbm
272 3777 427 3826 quamquam
451 3763 512 3827 quin
537 3761 685 3810 vetustiores
708 3759 831 3824 quasdam
854 3759 988 3824 Dryopum
1010 3758 1082 3808 sedes
1105 3759 1218 3810 iudicent
1239 3775 1292 3808 nou
1310 3759 1415 3809 dubium

161 3853 206 3907 est,
225 3845 271 3895 illo
289 3846 392 3910 quidem
410 3846 541 3896 enuntiato
559 3847 714 3896 removenda
732 3856 808 3909 atque
826 3845 995 3909 undecunque
1011 3844 1166 3909 interpolata
1184 3861 1237 3895 esse
1254 3845 1315 3894 mihi
1327 3845 1414 3895 viden·

161 3937 209 3980 tur.
244 3931 298 3980 Nec
316 3931 369 3980 scio
389 3948 421 3981 an
439 3931 500 3981 item
518 3933 608 3982 sentiat
626 3932 731 3981 Bethius
750 3930 779 3992 (l.
799 3928 841 3994 1.)‚
861 3929 905 3994 qui
923 3929 1012 3978 eadem
1030 3930 1078 3978 ‘als
1095 3930 1152 3979 eine
1168 3930 1290 3980 Dublette
1308 3930 1415 3980 audem

160 4013 378 4080 Pherecydescitat
397 4016 519 4067 aufiasst'.
1319 4021 1323 4028 '

246 4098 270 4166 ⁵)
288 4103 386 4152 Herod.
405 4102 480 4160 VIII,
500 4103 548 4164 46;
568 4103 641 4152 Paus.
659 4102 706 4161 IV,
726 4115 769 4164 34,
790 4113 815 4162 9.

176 4203 178 4205 ’
246 4183 270 4250 ⁸)
288 4187 407 4251 Thucyd.
428 4188 488 4245 vll.
509 4199 556 4251 57;
577 4188 680 4252 Scymn.
697 4187 775 4236 Chius
794 4198 857 4251 5773
876 4183 956 4236 Diod.
974 4184 1021 4244 lv,
1041 4196 1083 4247 37.

246 4268 270 4335 ¹)
286 4273 386 4324 Herod.
408 4273 481 4332 Vlll,
501 4273 549 4332 46;
570 4273 658 4340 Steph.
678 4273 739 4337 Byr.
757 4288 778 4321 s.
797 4289 822 4323 v.

246 4353 269 4423 ⁸)
288 4343 310 4406 a
327 4358 450 4407 Nicandri
468 4359 572 4407 ueram.
593 4370 617 4409 et
633 4359 785 4408 Athenadae
801 4356 966 4407 Ambracius.
