3142 4986
675 302 887 379 ,38-

155 469 408 551 Harpalycus1)‚
433 473 477 533 ita
499 472 530 532 in
553 470 696 534 Arcadia
717 471 880 552 Lycaonis
901 470 955 533 filii
977 469 1182 550 Harpalycus
1196 470 1411 554 Harpaleus2)

155 582 367 662 respondent3
392 582 539 663 qualibus
560 581 693 644 vinculis
716 592 752 645 ut
774 580 882 644 sabula
904 582 956 644 illa
978 602 1052 644 cum
1068 581 1168 662 Argis
1183 602 1248 643 non
1263 587 1414 646 conecta-

156 700 209 754 tur
232 693 288 754 vix
309 712 386 755 casu
409 691 529 755 lactum
552 712 623 755 esse
646 692 781 756 videtur.
824 693 938 774 Itaque
961 694 992 755 in
1013 691 1156 755 Arcadia
1178 713 1251 755 eam
1273 693 1414 775 priorem

156 801 262 880 fuisse,
292 803 366 865 inde
396 804 470 866 illuc
499 803 687 874 translatam
717 823 788 866 esse
797 803 823 884 ³)
852 805 974 881 iudic0;
1004 804 1053 866 sin
1082 812 1191 866 autem
1217 803 1309 878 hanc,
1336 814 1414 870 tunc

155 914 253 976 etiam
283 923 409 996 patrem
433 913 629 996 Clymenum
660 915 714 994 qui
737 923 770 976 et
791 914 855 976 huc
877 924 909 976 et
931 913 1005 976 illuc
1027 935 1130 996 aeque
1152 916 1299 996 pertinet.
1344 914 1415 977 Iam

155 1045 233 1088 vero
256 1026 369 1088 eadem
392 1025 458 1088 fere
481 1027 604 1088 ratione
626 1026 813 1087 consociata
834 1034 884 1087 est
899 1025 1085 1107 Harpalyce
1100 1046 1174 1088 cum
1189 1025 1415 1106 Periclymeno

156 1137 309 1218 quodam,
329 1141 414 1200 unde
430 1135 512 1199 filius
528 1137 628 1199 oritur
643 1137 830 1217 Presbon4).
866 1136 958 1199 Haec
974 1137 1015 1199 ad
1031 1136 1267 1200 Orchomenios
1282 1137 1412 1218 Minyas

155 1256 329 1310 recurrunt.
371 1247 473 1310 Vides
504 1248 581 1329 quid
612 1246 768 1310 efficiatur
797 1249 838 1310 de
866 1248 1020 1323 Arcadia,
1051 1268 1134 1328 quae
1163 1250 1350 1329 ceteroquin
1373 1268 1413 1310 ne

155 1361 227 1440 ipsa
238 1359 369 1438 quidem
385 1379 405 1420 a
421 1356 545 1439 Minyis¹
556 1359 665 1440 eisque
681 1359 795 1421 iterum
810 1359 973 1421 Boeoticis
988 1358 1190 1440 potissimum
1207 1359 1360 1422 abhorret
1368 1360 1412 1439 ὅ);

155 1471 197 1532 ad
224 1468 285 1532 hos
315 1471 411 1551 igitur
440 1469 570 1531 omnino
600 1469 779 1532 Arcadicos
802 1469 996 1551 Clymenum
1020 1469 1265 1552 Clymenenque
1295 1469 1413 1534 referre

157 1579 239 1642 licet.

243 1689 273 1774 2)
298 1689 405 1752 Missis
435 1690 627 1772 quibusdam
657 1689 808 1752 heroibus
830 1691 1033 1774 heroinisque
1057 1691 1234 1773 Clymenus
1256 1691 1415 1774 Clymene

157 1802 291 1876 vocatis
323 1801 377 1883 qui
407 1801 500 1864 nobis
529 1802 619 1882 quasi
649 1801 819 1864 elabuntur
847 1803 888 1864 de
915 1803 1070 1877 manibus,
1101 1804 1255 1866 vertimus
1283 1824 1343 1866 nos
1373 1805 1415 1866 ad

158 1913 427 1976 Hermionensem
444 1909 648 1994 Clymenum.
679 1913 809 1976 Etenim
824 1915 1074 1977 Hermionenses
1089 1913 1214 1977 Cereris
1233 1914 1415 1978 Chthoniae

156 2045 283 2088 sacmm
312 2024 344 2086 in
372 2023 455 2086 colle
487 2025 540 2104 qui
560 2034 695 2087 vocatur
717 2025 801 2087 Pron
825 2025 989 2087 conditum
1012 2046 1083 2088 esse
1105 2027 1277 2089 narrabant
1299 2047 1318 2089 a
1341 2025 1416 2108 Cly·

158 2157 254 2199 meno
277 2136 435 2199 Phoronei
458 2133 524 2198 filio
547 2157 584 2198 ac
606 2157 717 2199 sorore
739 2135 901 2198 Chthonia
922 2136 1026 2217 (Paus.
1049 2137 1088 2211 ΙΙ,
1114 2141 1174 2219 35).
1217 2137 1311 2200 Hanc
1331 2139 1415 2201 sicut

156 2247 275 2310 nullam
299 2247 394 2309 aliam
414 2247 472 2309 nisi
491 2247 593 2328 ipsam
617 2240 751 2310 inseram
768 2246 919 2310 Cererem
942 2268 1012 2310 esse
1034 2249 1139 2329 primo
1162 2248 1277 2311 obtutu
1298 2249 1412 2324 elucet,

159 2361 204 2423 ita
226 2357 359 2421 dubium
383 2378 453 2420 esse
476 2359 586 2438 nequit
609 2359 806 2440 quinetiam
829 2357 1006 2439 Clymenus
1029 2360 1059 2420 in
1084 2358 1257 2422 inferorum
1280 2379 1413 2422 numero

159 2471 325 2533 numinum
358 2468 526 2531 habendus
556 2471 605 2532 sit.
661 2467 759 2531 Cuius
795 2471 839 2531 rei
868 2471 1074 2550 gravissimae
1103 2472 1298 2533 documenta
1328 2469 1412 2552 apud

158 2582 250 2644 Paus.
274 2580 293 2643 l.
317 2579 337 2642 l.
361 2582 480 2643 videas.
518 2579 680 2641 Addenda
702 2589 776 2641 sunt
798 2589 831 2641 et
851 2580 1007 2660 Hesychii
1029 2581 1138 2662 glossa
1156 2575 1413 2666 Περικλύμενος·

157 2685 315 2756 Πλούτων
347 2700 379 2752 et
412 2691 500 2770 quod
531 2688 709 2771 Clymenae
736 2690 894 2770 Minyeidi
925 2692 1030 2772 ipsum
1059 2691 1267 2774 Proserpinae
1296 2713 1416 2754 nomen

158 2801 340 2882 adiungitur
348 2802 383 2881 ⁶).
418 2800 540 2863 ‘Gloria
554 2801 702 2882 praediti'
720 2802 924 2864 nominantur
939 2803 1053 2864 eadem
1071 2804 1193 2866 ratione
1213 2823 1277 2882 qua
1296 2802 1415 2866 Eucles

158 2924 191 2979 et
214 2912 339 2993 Clytius
360 2911 468 2994 Clytia
499 2910 549 2994 (cl.
573 2933 605 2994 p.
634 2914 693 2993 13).
739 2912 785 2975 Ut
815 2913 910 2994 igitur
931 2913 1103 2993 plurimum
1126 2917 1212 2977 valet
1236 2913 1414 2996 Clymenus

244 3143 268 3210 ¹)
287 3146 319 3196 V.
340 3144 456 3194 Crusium
474 3144 500 3192 in
520 3143 643 3192 Roscheri
661 3143 698 3194 M.
718 3144 750 3193 L.
771 3161 790 3194 s.
808 3160 833 3193 v.

244 3227 267 3295 ²)
286 3230 410 3295 Apollod.
432 3230 481 3287 ΙΙΙ,
502 3229 526 3287 8,
551 3243 571 3278 1.

244 3313 268 3381 ⁸)
287 3316 346 3365 Hoc
371 3315 449 3364 modo
469 3315 547 3378 longe
565 3313 722 3378 probabilius
740 3329 779 3363 res
796 3314 899 3363 solvitur
917 3330 993 3379 quam
1012 3331 1063 3380 quo
1082 3316 1184 3365 Crusius
1202 3317 1219 3366 l.
1238 3318 1255 3366 l.
1275 3316 1340 3366 solvi
1358 3334 1415 3367 eam

158 3416 234 3467 posse
252 3400 356 3460 censuit,
376 3416 433 3449 cum
452 3401 484 3449 de
502 3398 620 3448 Herculis
637 3407 801 3465 praeceptore
818 3400 963 3465 Harpalyco
983 3401 1114 3466 cogitaret.

243 3483 256 3517 ⁴
287 3486 367 3536 schol.
386 3487 488 3537 Townl.
506 3485 537 3535 Il.
556 3485 628 3543 XIV.
648 3497 706 3547 291.
742 3484 782 3534 cf.
802 3503 827 3550 p.
845 3497 888 3550 37.

244 3484 268 3636 ΙΙ
287 3571 406 3638 inprimis
431 3571 534 3635 Tegeae
560 3587 590 3621 ac
617 3571 762 3621 Mantineae
790 3572 911 3621 memoria
937 3588 1025 3622 eorum
1053 3581 1147 3632 exstat;
1178 3574 1213 3623 eis
1240 3589 1305 3638 quae
1329 3573 1415 3624 attulit

158 3658 280 3707 Maassius
298 3657 330 3708 G.
349 3657 382 3708 G.
399 3658 431 3707 Α.
452 3655 519 3719 1890
536 3673 563 3721 p.
578 3666 628 3721 353
641 3671 688 3721 sq..
706 3656 790 3706 addo:
809 3656 923 3722 Minyam
940 3657 999 3707 Alei
1017 3657 1097 3706 filium
1110 3655 1274 3721 (Aristodem.
1292 3658 1318 3708 iu
1336 3659 1416 3710 schol.

159 3743 231 3794 Pind.
249 3743 339 3794 Isthm.
360 3743 382 3803 1,
404 3753 450 3805 79;
471 3741 503 3791 cs.
521 3741 668 3792 Buttmann.
688 3741 795 3806 mythol.
814 3742 850 3800 ΙΙ,
874 3754 931 3805 199,
956 3742 1000 3807 qui
1017 3750 1084 3800 recte
1106 3744 1140 3792 ad
1158 3744 1272 3809 Tegeam
1290 3741 1412 3808 rettulit);

159 3829 242 3878 Peliae
260 3828 368 3878 filiarum
385 3827 533 3878 memoriam
550 3827 736 3877 Mantinensem
757 3824 841 3890 (Paos.
856 3826 932 3886 VIII,
950 3839 989 3886 11,
1007 3826 1041 3892 1).
1077 3827 1156 3877 Porro
1174 3827 1295 3891 Clymene
1313 3829 1416 3894 Minyae

159 3913 211 3962 filia
237 3914 362 3979 peperisse
388 3912 525 3963 Atalanten
553 3912 645 3963 dicitur
667 3928 681 3962 e
709 3912 820 3976 Lycurgi
847 3910 900 3961 tilio
931 3909 1021 3976 Ias(i)o
1050 3911 1185 3978 (Apollod.
1208 3915 1302 3978 111‚9,
1324 3928 1354 3974 2;
1381 3916 1414 3966 cf.

160 3998 257 4064 Hygin.
276 3998 327 4049 sab.
351 4011 391 4060 70,
413 3995 472 4062 99);
501 3997 572 4046 cuius
592 4014 687 4048 nomen
706 4005 734 4046 ut
751 3997 905 4047 Orchomeni
926 4005 1025 4048 constat
1043 3996 1088 4062 (cf.
1108 3998 1199 4064 Odyss.
1219 4002 1267 4060 XI,
1289 3992 1360 4065 283),
1380 4000 1416 4050 ita

159 4082 301 4134 Gratiarum
328 4098 399 4133 sacra
425 4083 543 4148 Tegeaea
569 4082 739 4133 Mantiuensia
765 4082 799 4131 ad
826 4083 933 4132 eandem
959 4082 1079 4132 Boeotiae
1104 4085 1194 4134 urbem
1218 4085 1344 4151 pertinent
1369 4078 1414 4149 (cs.

159 4166 391 4230 Marmenia).

244 4250 267 4318 ⁸)
286 4255 319 4303 V.
340 4254 487 4304 Buttmann.
510 4253 618 4317 mythol.
639 4252 674 4309 II,
696 4253 753 4302 216.
