3142 4986
677 251 889 312 *23-

243 422 460 484 Transeamus
475 419 507 482 in
522 419 790 501 Peloponnesum.
829 420 991 483 Arcadiae
1010 419 1040 480 in
1057 427 1205 481 extremo
1221 417 1352 501 angulo,
1377 418 1425 482 ad

156 526 243 597 viam
280 531 374 594 videl.
412 552 495 614 quae
525 530 654 594 Pheneo
692 532 733 594 ad
765 531 911 594 Achaiae
945 530 1057 594 urbem
1086 530 1236 593 Pellenen
1261 528 1423 605 ducebat,

156 643 389 706 ostendebatur
425 642 606 723 sepulcrum
640 640 872 704 Chalcodontis
909 641 1073 704 cuiusdam
1111 661 1209 721 quem
1242 661 1305 703 una
1338 660 1423 704 cum

159 754 301 817 Hercule
329 763 441 816 contra
462 752 571 815 Eleos>
584 754 754 816 dimicasse
775 752 884 816 fabula
906 761 974 815 erat
984 753 1019 834 ¹).
1064 750 1171 832 Quam
1195 753 1236 814 ad
1258 751 1423 814 illustran-

156 866 234 928 dam
262 855 556 928 commemorentur
585 865 662 926 item
685 863 834 927 Herculis
864 864 1017 926 adversus
1036 862 1135 925 Eleos
1156 862 1262 924 socius
1283 861 1423 926 Dameo

159 975 313 1039 Phliuntis
334 974 425 1051 filius,
457 975 612 1038 Phliasius
633 974 729 1055 igitur
749 974 845 1036 heros
867 973 971 1054 (Paus.
994 973 1051 1046 VI,
1077 989 1127 1047 20,
1155 973 1204 1052 16)
1234 992 1273 1035 ac
1304 969 1422 1035 rursus

159 1087 229 1149 Elei
251 1086 349 1168 vulgo
366 1087 510 1167 Eurytus
531 1095 564 1148 et
579 1083 712 1148 Cteatus
727 1084 859 1148 Actoris
881 1083 936 1147 filii
959 1084 1055 1147 occisi
1073 1084 1115 1147 ab
1129 1084 1269 1146 Hercule
1285 1083 1422 1165 sepulti·

158 1217 222 1277 que
238 1196 367 1260 Cleonis
374 1197 412 1279 2),
451 1197 539 1271 Inde,
562 1197 685 1278 opinor,
707 1216 820 1258 omnes
836 1196 1015 1258 concedent
1029 1194 1167 1258 Arcadis
1182 1195 1263 1257 illius
1279 1193 1420 1270 Chalco-

159 1310 265 1370 dontis
303 1308 450 1391 geminos
490 1327 561 1370 esse
593 1307 692 1369 Eleos
729 1306 844 1370 heroes
879 1316 913 1369 et
946 1305 1202 1369 Chalcodontem
1240 1305 1294 1387 qui
1331 1307 1421 1370 inter

158 1419 397 1502 Hippodamiae
426 1438 545 1500 procos
572 1417 787 1500 habebatur³)
814 1427 847 1480 et
870 1416 1067 1480 Chalconem
1092 1415 1311 1499 Cyparissium
1332 1417 1420 1498 Pylii

160 1529 325 1593 Antilochi
348 1529 541 1610 armigerum
551 1529 589 1610 4).
612 1567 651 1577 -
674 1529 743 1591 Iam
769 1550 848 1592 vero
869 1529 1032 1610 Lycaonis
1055 1527 1137 1590 filius
1158 1536 1292 1590 vocatur
1315 1527 1419 1594 Cane·

157 1643 233 1704 thus
256 1642 309 1722 qui
333 1639 553 1702 Euboicorum
576 1639 744 1702 Abantum
767 1641 867 1722 est⁵);
891 1649 988 1720 atque
1011 1639 1104 1702 Abas
1126 1638 1208 1702 filius
1230 1639 1419 1725 tribuitur⁶)

160 1751 368 1834 Melampodi,
399 1752 453 1832 qui
474 1761 514 1814 et
542 1753 582 1814 ad
605 1749 839 1832 Triphyliamt)
871 1761 903 1814 et
929 1753 970 1812 ad
993 1751 1153 1813 Arcadiae
1182 1751 1315 1813 eosdem
1347 1750 1419 1816 fere

160 1864 259 1950 locos,
291 1863 344 1924 ubi
374 1855 563 1925 Chalcodon
586 1873 730 1944 repertus
753 1871 811 1936 est,
842 1883 885 1925 sc.
908 1863 1058 1943 Lusos8),
1089 1840 1270 1944 pertinet9).
1311 1862 1419 1927 Acce·
1450 1892 1455 1902 ·

157 2070 221 2119 Dias
239 2085 299 2118 vero
323 2071 464 2134 eponynrus
481 2071 556 2118 heros
573 2076 611 2118 est
629 2069 758 2118 Euboicae
776 2069 845 2117 urbis
857 2068 901 2118 Dii
920 2066 1060 2132 (cf.11.11,
1077 2067 1146 2135 538),
1168 2085 1245 2134 quam
1262 2069 1325 2134 ipse,
1345 2079 1419 2136 post·

158 2172 235 2220 quam
259 2166 330 2221 pater
352 2155 484 2210 Pandorus
501 2156 527 2204 in
546 2156 677 2204 Euboeam
696 2155 918 2220 transmigraverit,
944 2144 1138 2207 condidIsseab
1156 2155 1289 2206 Eustathio
1308 2157 1416 2217 dicitur;

156 2257 204 2292 nec
227 2257 280 2290 non
298 2242 418 2306 Ephorus
438 2241 556 2290 Diantem
581 2239 634 2304 (vel
650 2242 756 2290 fortasse
774 2238 882 2305 patrem)
902 2257 932 2290 ex
950 2240 1035 2289 Attica
1051 2240 1179 2290 transiisse
1195 2257 1228 2290 eo.
1244 2242 1327 2306 ponit,
1353 2260 1418 2296 con-

157 2327 249 2376 didisse
269 2334 354 2377 autem
363 2319 481 2390 Ἀθήνας
498 2320 607 2383 Aloidae
627 2321 711 2392 (αἵγε
735 2328 801 2396 περὶ
823 2319 928 2390 ταύτην
949 2324 992 2390 (sc.
1011 2319 1095 2378 πόλιν
1113 2324 1193 2389 Δῖον)
1211 2317 1295 2393 ἦσανε
1323 2329 1416 2396 steph.

156 2412 217 2474 Byr.
237 2429 258 2462 s.
271 2429 295 2462 v.
307 2408 398 2478 Δῖον)
411 2429 415 2460 :
436 2412 478 2461 hic
495 2412 571 2476 igitur
588 2412 769 2461 vetustissimae
787 2410 887 2460 fabulae
904 2412 997 2461 relatae
1009 2420 1068 2462 sunt
1079 2413 1113 2461 ad
1124 2414 1237 2462 colonias
1248 2415 1417 2467 Athenienses

158 2498 296 2547 recentiore
318 2507 401 2548 aetate
424 2498 553 2548 deductas.
575 2525 610 2533 —
633 2499 728 2545 Iterum
750 2495 875 2544 Alconem
900 2513 1008 2562 eumque
1032 2499 1167 2547 Erechthei
1187 2498 1266 2546 filium
1288 2515 1419 2552 unacum

161 2582 299 2648 Chalciope
324 2584 376 2632 filia
397 2599 428 2631 ex
453 2583 537 2632 Attica
555 2582 702 2631 Chalcidem
720 2580 814 2644 fugisse
831 2581 908 2629 tradit
925 2584 1055 2632 Proxenus
1072 2583 1098 2632 in
1116 2583 1197 2633 schol.
1217 2584 1306 2649 Apoll.
1324 2586 1416 2652 Rhod.
1488 2585 1490 2589 ’

159 2669 181 2727 Ι,
201 2678 243 2730 97.
278 2668 408 2716 Euboicus
426 2666 504 2731 igitur
521 2667 604 2716 Alcon
622 2666 696 2715 nobis
715 2661 839 2714 tenendus
856 2675 901 2716 est.
919 2696 952 2703 -
971 2667 1088 2717 Ceterum
1106 2685 1158 2717 non
1174 2684 1276 2733 prorsus
1288 2671 1417 2735 perspicio

157 2752 221 2818 quid
244 2752 278 2802 de
296 2752 432 2802 Chalconis
456 2751 559 2800 nomine
581 2751 606 2800 in
631 2750 720 2799 scholii
741 2750 771 2800 ll.
790 2751 827 2809 11,
851 2751 900 2815 536
925 2759 1057 2802 stemmate
1079 2755 1240 2802 statuendum
1263 2755 1305 2805 sit:
1330 2763 1417 2806 utrum

158 2838 278 2901 erraverit
300 2838 382 2888 scriba
404 2853 437 2886 an
461 2837 519 2887 ferri
542 2838 606 2886 illud
629 2837 707 2902 possit
728 2845 757 2887 ut
775 2836 880 2886 Alconis
904 2852 998 2886 nomen
1021 2837 1126 2887 consilio
1144 2838 1269 2888 variatum
1287 2847 1364 2904 atque
1380 2842 1416 2891 ad

160 2923 362 2974 Chalcodontem
386 2922 534 2972 Chalcidem
557 2923 715 2989 adaptatum.
741 2950 775 2960 -
800 2923 842 2980 Ad
864 2924 971 2972 sanandi
994 2940 1088 2973 numen
1111 2925 1279 2986 Atheniense,
1306 2927 1339 2976 de
1361 2942 1414 2992 quo

159 3010 275 3061 conferas
296 3007 377 3060 velim'
396 3009 528 3074 Sybelium
554 3008 665 3072 (Mirteil.
691 3011 715 3062 d.
742 3010 828 3060 athen.
853 3011 916 3059 Inst.
940 3011 974 3068 X,
1001 3020 1033 3071 97
1052 3008 1120 3075 sqq.)
1144 3019 1168 3058 et
1190 3010 1412 3062 Wilamowitaium

159 3093 240 3161 (Isyll.
261 3097 307 3161 189
327 3094 391 3163 sq.),
411 3097 461 3145 huc
479 3095 637 3145 referendum
655 3095 748 3144 indicia
765 3096 866 3146 desunt.
1357 3079 1367 3084 ⁸*
1402 3077 1409 3085 ⁴

242 3175 357 3246 1)'Paus.
378 3183 452 3244 VIII,
476 3193 515 3246 15,
536 3181 560 3232 6.

244 3264 256 3298 Ι
285 3268 363 3317 Diod.
382 3270 429 3327 IV,
450 3280 497 3332 333
520 3267 643 3333 Apollod.
663 3266 698 3325 11,
722 3277 746 3328 7,
767 3280 797 3324 2;
817 3267 890 3314 Paus.
909 3266 944 3326 ΙΙ,
968 3277 1008 3329 15,
1031 3278 1052 3315 1.

243 3348 255 3380 ⁸
286 3352 308 3400 E
326 3352 426 3416 magnis
446 3351 791 3410 EoeisPaus.VI,21,1o;
812 3350 878 3399 idem
897 3350 1000 3399 nomine
1012 3350 1128 3401 Chalcon
1146 3352 1171 3400 in
1190 3347 1352 3402 scholl’ind.
1365 3346 1409 3398 01.

285 3520 400 3572 Eustath.
419 3522 453 3570 ad
471 3522 561 3584 Odyss.
580 3523 629 3584 XI,
650 3531 696 3584 521
719 3519 757 3584 (p.
781 3519 855 3581 1697,
878 3516 931 3583 54).

285 3609 407 3674 Apollod.
427 3610 475 3668 111,
495 3609 520 3672 8,
543 3625 568 3670 13
591 3609 623 3658 cf.
643 3626 670 3674 p.
689 3608 729 3658 26.

285 3693 359 3743 Paus.
378 3694 399 3756 I,
420 3707 462 3756 43,
485 3705 508 3758 5.

286 3778 377 3828 Strabo
395 3779 471 3836 VIII,
489 3789 553 3843 372;
573 3780 649 3829 Paus.
668 3780 700 3840 V,
725 3788 748 3842 5,
771 3792 815 3837 ιο;
837 3778 926 3843 Steph.
938 3779 1006 3842 ⁴Byz.
1025 3794 1044 3827 s.
1066 3794 1091 3827 v.
1110 3771 1296 3846 Ἀμυθαονία.

285 3866 358 3914 Paus.
377 3864 452 3922 VIII,
476 3863 515 3922 18,
537 3876 565 3926 7;
589 3864 679 3929 Steph.
699 3865 760 3929 Byz.
781 3879 801 3912 s.
822 3880 845 3913 v.
864 3866 985 3916 Λουσοί.

243 3945 266 4012 ⁰)
286 3951 383 3999 Tamen
402 3950 470 3998 idem
488 3965 520 3998 ne
538 3951 571 3999 ab
589 3949 666 4014 Argis
683 3949 787 4015 quidem
805 3948 902 3998 alienus
916 3948 992 3997 fuisse
1004 3947 1103 3997 videtur
1114 3947 1156 4012 (cf.
1169 3949 1242 3997 Paus.
1257 3945 1350 4008 II,118,
1364 3944 1408 4010 4);

156 4034 190 4082 ibi
215 4049 274 4082 vero
299 4049 356 4082 cum
378 4034 493 4082 Abantes
515 4033 618 4083 aliunde
642 4040 770 4091 constent,
800 4032 905 4082 dubium
927 4040 964 4082 est
986 4049 1072 4082 nonne
1096 4033 1122 4080 in
1145 4033 1299 4097 Argivorum
1323 4031 1412 4081 fabula

154 4119 300 4184 Melampus
318 4120 398 4168 factus
415 4118 447 4167 sit
460 4119 568 4168 Abantis
586 4119 670 4168 herois
688 4127 768 4183 pater.
786 4146 820 4155 —
838 4118 867 4166 In
886 4126 998 4167 veterum
1016 4133 1103 4181 regum
1114 4118 1268 4182 Argivorum
1279 4123 1412 4168 stemmate

155 4205 261 4266 Lynceo
280 4204 347 4253 filius
364 4204 438 4252 datur
456 4205 526 4255 Abas
545 4204 630 4268 (Paus.
649 4205 685 4262 11,
709 4203 747 4264 16,
769 4216 798 4261 2;
819 4203 944 4268 Apollod.
963 4203 998 4262 11,
1020 4216 1043 4262 2,
1067 4202 1105 4268 1);
1133 4204 1203 4253 cuius
1222 4218 1280 4251 cum
1297 4201 1363 4252 filius
1379 4201 1412 4251 sit
