3142 4986
679 293 890 357 „27-

247 454 480 516 Perlustremus
524 459 648 514 ceteras
693 447 922 512 Chalcodontis
968 449 1155 530 (cuiusdam)
1201 451 1302 512 sedes.
1365 449 1418 511 Ac

160 565 384 629 Thessalicum
407 572 553 625 montem
575 562 617 625 ad
640 560 759 622 Pheras
781 559 876 621 situm
892 553 1166 639 Χαλκωδόνιονῐ)
1188 569 1223 622 ut
1245 560 1286 622 ad
1301 559 1418 621 Euboi-

160 697 234 740 cum
257 676 391 738 heroem
414 671 599 746 referamus,
622 671 682 734 etsi
705 691 788 752 quae
810 671 852 733 ad
874 671 977 752 ipsam
999 670 1208 734 rem'faciant
1223 672 1417 733 documenta
1519 752 1521 759 Α

160 789 285 861 desunt,
307 795 416 848 tamen
438 804 546 846 rursus
569 782 715 845 locorum
737 781 816 844 situs
838 781 952 844 suadet
960 779 999 861 2).

247 896 394 959 Atticum
427 915 506 957 vero
539 891 805 967 Chalcodontem,
842 892 931 954 cuius
967 891 1103 955 heroum
1138 891 1277 954 Athenis
1314 913 1417 974 prope

161 1009 298 1072 Piraicas
334 1016 445 1089 portas
481 1014 551 1068 erat
559 1005 586 1085 Β)
620 1003 750 1085 filiaque
783 1003 865 1065 inter
898 1003 1003 1084 Aegei
1036 1023 1155 1065 uxores
1187 1005 1416 1085 numeratur⁴)‚

161 1119 307 1202 primitus
336 1137 407 1180 esse
427 1115 610 1179 Euboicum
636 1114 725 1178 illum
747 1123 834 1177 certe
856 1115 1081 1177 demonstrant
1102 1113 1312 1195 genealogiae
1335 1133 1418 1196 quae

161 1234 201 1295 de
228 1227 450 1312 Elephenoris‚
481 1225 649 1290 Abantum
679 1227 763 1307 regis
793 1225 967 1300 Homerici,
997 1233 1089 1306 patre
1120 1223 1341 1288 Chalcodonte
1364 1247 1416 1289 ex·

160 1341 326 1405 hibentur:

287 1452 318 1513 in
341 1447 441 1513 schol.
462 1446 499 1515 Il.
522 1446 561 1522 H,
588 1449 649 1527 536
911 1447 998 1528 apud
1020 1445 1225 1508 Eustathium
1249 1446 1268 1510 l.
1290 1447 1309 1514 l.

368 1556 570 1622 Erechtheus
1009 1556 1210 1618 Erechtheus

397 1640 540 1808 Ceciops
846 1728 848 1733 ·
872 1674 1015 1759 cecmps
1037 1677 1201 1768 Passd0ms
1222 1676 1345 1739 Metion

1091 1765 1128 1830 Λ

406 1818 530 1961 Mebon
939 1974 941 1977 Ι
1002 1848 1081 1910 Dias
1103 1823 1213 2012 Aleion

398 1981 543 2130 chalma
1054 2057 1056 2060 ’
1112 2017 1204 2182 Ab'as

417 2153 510 2302 Alias
1061 2185 1262 2255 Chalcodon.

373 2324 563 2472 Chalclodon

243 2519 293 2582 Ita
320 2520 406 2583 enim
429 2519 583 2584 Euboicis
604 2518 757 2581 heroibus
780 2518 881 2581 Attici
904 2520 1077 2601 antepositi
1101 2540 1171 2582 esse
1194 2539 1258 2582 non
1281 2528 1417 2600 possunt

158 2632 217 2694 nisi
246 2631 289 2694 ab
318 2631 396 2713 ipsis
424 2631 609 2695 hominibus
638 2630 774 2693 Atticis:
804 2649 884 2712 ergo
914 2629 947 2692 hi
976 2639 1170 2712 acceperunt
1199 2651 1243 2693 ex
1264 2629 1415 2706 Euboea;

159 2741 219 2802 etsi
244 2741 402 2804 contrarie
424 2740 571 2805 confecta
594 2741 723 2824 quidem
747 2741 800 2804 illa
822 2741 1014 2824 genealogia
1035 2741 1087 2804 vel
1110 2741 1325 2805 necessarium
1348 2751 1417 2804 erat

160 2851 338 2930 excogitari
366 2871 465 2915 unum
494 2853 641 2934 quemvis
670 2854 805 2915 istorum
835 2852 972 2916 heroum
994 2873 1038 2916 ex
1060 2852 1173 2916 Attica
1195 2853 1226 2915 in
1246 2853 1416 2916 Euboeam

122 2995 126 3003 ·
159 2960 336 3023 transiisse:
365 2962 453 3040 quod
474 2983 589 3046 reapse
610 2964 651 3026 de
673 2963 822 3027 Pandoro
844 2964 931 3046 apud
954 2964 1160 3027 Eustathium
1180 2963 1297 3046 legitur
1305 2965 1340 3045 ⁶).

158 3223 197 3271 gr.
218 3207 287 3273 apud
310 3208 433 3272 Apollod.
452 3210 488 3271 11,
510 3224 532 3274 1,
552 3221 565 3274 5
585 3212 700 3270 occurrit,
725 3212 894 3277 undecunque
918 3213 1031 3277 gentium
1052 3221 1186 3277 congestus
1210 3227 1263 3262 esse
1286 3212 1411 3262 videatur.

158 3292 201 3340 An
219 3301 256 3341 est
274 3291 425 3341 Chalcodon
447 3311 522 3359 quem
540 3294 647 3345 dicimus
663 3295 768 3346 fortasse
787 3295 854 3346 Cous
874 3297 917 3346 ille
935 3297 1018 3356 heros,
1042 3296 1162 3361 quoniam
1182 3295 1308 3355 Rhodiae,
1329 3296 1414 3346 Danai

157 3376 233 3439 filiae,
252 3377 346 3426 coniux
364 3379 521 3430 attribuitur?

244 3459 266 3526 ¹)
285 3461 411 3526 Apollod.
432 3463 517 3512 Rhod.
537 3465 559 3518 Ι.
581 3474 623 3528 5ο.

244 3544 268 3612 'l
287 3547 366 3597 Haud
384 3549 436 3597 scio
454 3564 487 3598 an
505 3549 555 3598 huc
573 3549 679 3600 attineat
696 3549 772 3600 etiam
790 3550 936 3614 Myrmidon
954 3549 1071 3600 Chalcon
1090 3548 1133 3613 (11.
1153 3551 1226 3611 xvl,
1241 3549 1311 3614 595).
1341 3549 1414 3599 Certe

157 3633 229 3682 aliter
246 3649 273 3682 se
291 3633 367 3682 habet
386 3634 456 3698 quod
468 3635 539 3684 Abas
556 3634 632 3684 heros
649 3636 675 3684 in
692 3636 824 3685 Thessalia
837 3627 936 3705 Ἄργος
950 3629 1128 3704 Πελασγικόν
1147 3636 1291 3686 condidisse
1309 3635 1414 3684 traditur

158 3718 261 3782 (Strabo
281 3719 329 3776 IX,
349 3718 425 3784 431);
451 3721 515 3770 sicut
539 3721 606 3770 enim
628 3723 668 3771 vel
692 3722 765 3771 huius
789 3722 878 3787 oppidi
901 3738 994 3771 nomen
1019 3721 1052 3771 ad
1070 3721 1300 3787 Peloponnesiacos
1317 3728 1414 3785 spectat

156 3807 250 3868 Argos,
271 3803 306 3853 ita
323 3803 406 3868 ipsum
424 3805 553 3862 Abantem
571 3806 631 3857 inde
643 3807 746 3863 ,venisse
764 3808 874 3860 additur.

241 3885 253 3919 ⁸
284 3888 411 3940 Plutarch.
428 3889 506 3940 Thes.
526 3903 568 3953 27.

241 3971 266 4039 ⁴)
284 3974 377 4024 Athen.
395 3975 472 4034 XIII,
493 3977 544 4041 556
561 3979 594 4028 Α.

242 4055 266 4124 ⁶)
284 4059 371 4110 Habet
396 4068 494 4124 praeter
516 4062 719 4114 Chalcodontem
741 4064 921 4128 Abantemque
948 4063 1024 4115 etiam
1048 4063 1132 4113 Alcon
1155 4071 1249 4112 certam
1273 4061 1413 4113 Euboicam

156 4144 287 4209 mighem.
322 4144 434 4193 Primum
456 4146 525 4198 euim
548 4147 569 4196 is
593 4155 619 4198 et
640 4147 710 4213 apud
729 4148 889 4201 Eustathium
912 4156 938 4198 et
957 4149 1027 4213 apud
1045 4147 1178 4212 Ephorum
1196 4145 1295 4212 (steph.
1313 4147 1374 4212 Byr.
1393 4163 1414 4198 ι.

155 4246 182 4279 v.
199 4225 329 4293 maer)
345 4227 399 4294 (ab
422 4230 472 4280 hoc
496 4241 581 4282 tamen
605 4233 714 4290 Abantis
735 4249 788 4283 non
812 4242 893 4298 peter,
917 4232 962 4282 sed
984 4229 1070 4298 filius>
1086 4239 1189 4282 vocatur
1211 4231 1288 4282 frater
1305 4231 1413 4284 Durus
