3156 4972
683 258 894 324 „47-

159 416 265 480 insula
287 416 472 479 consedisse
495 425 528 476 et
549 415 636 495 apud
658 414 831 495 scriptores
839 415 864 493 ¹)
888 414 1025 494 legimus
1047 422 1080 475 et
1096 431 1261 476 sacrorum
1276 412 1417 475 dialecti·

159 547 227 609 que
248 527 392 607 vestigiis
413 526 509 588 hodie
532 544 662 605 quoque
684 544 882 605 cognoscere
904 544 1077 606 possumus
1085 523 1121 605 ¹).

248 636 315 700 Sed
336 637 417 699 haec
437 635 593 698 hactenus
615 634 655 696 de
678 633 766 708 locis,
797 654 880 714 quos
900 634 1074 716 Dryopum
1096 635 1184 697 natio
1206 635 1284 696 olim
1306 635 1418 708 tenuit,

158 750 298 812 decursu
321 757 506 829 temporum
527 745 700 825 mutatis8).

248 857 281 943 2)
311 858 478 920 Vertimur
506 857 547 919 ad
577 866 701 918 ceteras
730 877 780 919 res
810 876 890 935 quas
920 865 1045 919 veteres
1074 857 1115 919 de
1142 857 1188 918 eis
1210 857 1418 930 tradiderunt,

159 973 235 1034 dico
263 969 452 1050 praesertim
482 967 606 1030 fabulas
632 968 673 1030 de
704 968 878 1029 certamine
904 987 979 1030 cum
1009 965 1150 1029 Hercule
1176 965 1272 1033 facto.
1319 965 1417 1046 Quod

161 1081 281 1164 quibus
303 1080 383 1142 locis
405 1087 604 1141 contractum
628 1079 668 1140 sit
690 1079 772 1140 inter
793 1087 941 1144 auctores
957 1097 1021 1140 non
1037 1079 1196 1143 convenit.
1234 1076 1418 1140 Secundum

160 1192 369 1256 Herodotum
399 1190 529 1270 quidem
552 1189 597 1269 (V
599 1189 653 1263 111,
676 1190 729 1270 43)
753 1189 906 1270 Dryopes
939 1190 980 1251 ab
1002 1189 1141 1251 Hercule
1164 1188 1334 1269 Maliisque
1361 1209 1419 1270 per

160 1306 229 1367 vim
259 1302 343 1384 pulsi
373 1310 447 1363 sunt
476 1321 518 1362 ex
541 1321 579 1362 ea
602 1301 732 1380 regione
754 1320 837 1379 quae
860 1310 976 1381 postea
997 1299 1094 1362 Doris
1116 1309 1235 1362 vocata
1257 1309 1315 1362 est.
1358 1300 1418 1362 Ne·

162 1435 227 1496 que
256 1414 342 1476 aliud
368 1413 485 1474 sentire
513 1411 638 1473 videtur
659 1411 822 1473 Diodorus
845 1411 903 1486 IV,
929 1427 977 1491 37,
1008 1431 1082 1474 curn
1105 1420 1138 1474 et
1160 1412 1229 1492 ipse
1250 1412 1291 1473 de
1314 1411 1419 1474 Maliis

161 1525 265 1600 dicat;
292 1524 380 1602 quod
403 1543 480 1584 vero
495 1522 665 1584 exordium
681 1521 820 1584 bellandi
836 1523 942 1603 ponit:
967 1515 1169 1602 Φύλαντος4)
1183 1523 1242 1588 τοῦ
1256 1516 1420 1606 Δρυόπων

162 1632 331 1718 βασιλέως
360 1627 515 1712 δόξαντος
544 1627 591 1710 εἷς
618 1627 656 1696 τὸ
679 1629 713 1697 ἓν
734 1633 882 1721 Δελφοῖς
904 1628 989 1718 ἱερὸν
1010 1635 1328 1720 παρανενομηκέναι,
1356 1634 1419 1698 hoc

162 1767 251 1811 nexu
282 1765 387 1808 rerum
410 1745 646 1825 segregandum
668 1753 726 1816 est,
757 1745 909 1823 quoniam
926 1754 964 1808 ,et
987 1746 1148 1807 diversum
1171 1747 1290 1809 indicat
1312 1747 1419 1809 locum

167 1867 200 1920 et
226 1865 298 1919 tota
326 1855 464 1917 narratio
493 1856 625 1917 omnino
654 1856 696 1918 ab
725 1857 771 1918 eis
800 1857 903 1929 rebus,
936 1857 976 1918 ad
999 1876 1081 1936 quas
1103 1856 1179 1919 illud
1202 1867 1338 1938 spectat,
1367 1858 1419 1921 ab·

162 1968 275 2030 horret
285 1968 321 2048 5).
366 1966 520 2029 Eiusdem
547 1968 682 2028 duarum
713 1966 892 2030 fabularum
915 1987 998 2049 quae
1020 1967 1072 2029 hic
1094 1967 1205 2030 subest
1226 1969 1419 2031 contamina-

162 2079 260 2145 tionis
282 2079 418 2158 vestigia
438 2076 655 2140 manifestiora
677 2087 808 2141 exstant
830 2078 916 2160 apud
939 2077 1180 2159 Apollodorum
1202 2079 1241 2153 II,
1265 2094 1295 2158 7,
1319 2096 1348 2160 7.
1388 2080 1420 2142 Is

162 2191 250 2253 enim
269 2190 409 2270 primum
432 2189 562 2270 quidem
585 2200 693 2251 narrat
715 2189 889 2251 Herculem
912 2211 929 2250 e
952 2189 1113 2252 Trachide
1139 2189 1260 2251 bellum
1281 2190 1419 2272 Dryopi-

162 2301 227 2365 bus
249 2299 402 2374 intulisse,
433 2300 549 2361 deinde
576 2320 661 2362 novo
693 2299 881 2362 narrationis
910 2301 951 2362 de
973 2300 1115 2378 Aegimii
1145 2321 1183 2362 ac
1209 2299 1419 2382 Lapitharum

163 2412 339 2474 certamine
362 2411 450 2472 initio
473 2409 559 2473 facto
581 2411 669 2473 addit
684 2410 896 2492 Lapitharum
911 2412 1034 2474 socium
1049 2411 1223 2493 Lagoram,
1246 2411 1419 2493 Dryopum

164 2541 276 2603 regern
310 2520 480 2595 nefarium,
520 2522 562 2584 ab
596 2522 736 2584 Hercule
770 2543 833 2584 una
866 2543 940 2585 cum
974 2523 1081 2586 liberis
1114 2521 1316 2585 interfectum
1349 2543 1420 2585 esse

251 2770 274 2836 1)
293 2771 421 2835 Lycophr.
446 2771 488 2819 Al.
512 2770 561 2834 586
586 2786 656 2836 ⁵qu
689 2773 721 2820 cf·
744 2773 842 2821 Herod.
867 2773 927 2833 VII,
948 2785 994 2835 90;
1027 2773 1118 2821 Strabo
1141 2773 1214 2831 XIV,
1239 2771 1302 2830 682;
1332 2773 1420 2838 Steph.

166 2857 225 2919 Byz.
246 2872 265 2907 s.
284 2873 308 2906 v.
327 2854 527 2924 Λακεδαίμων.

252 2940 275 3006 ¹)
297 2942 375 2990 Asine
403 2942 462 2989 urbs
485 2958 569 2990 rursus
591 2942 616 2990 in
640 2942 728 2990 Cilicia
750 2943 872 3007 reperitur
894 2941 995 3007 (Steph.
1021 2944 1080 3006 Byz.
1107 2958 1126 2992 s.
1150 2942 1196 3008 ν.),
1229 2945 1261 2992 de
1284 2960 1335 3008 qua
1357 2943 1421 2992 nihil

170 3028 258 3078 certius
283 3027 365 3076 habeo
390 3027 459 3090 quod
485 3028 600 3086 afferam
626 3043 673 3075 nec
701 3027 733 3076 de
756 3028 861 3077 Lemnia
886 3028 990 3077 muliere
1008 3030 1113 3093 Dryope
1138 3026 1233 3093 (Valet.
1255 3029 1339 3079 Flacc.
1356 3031 1420 3094 Arg.

167 3112 205 3172 ΙΙ,
227 3111 297 3175 174).

138 3205 141 3217 '
252 3194 276 3261 ⁸)
295 3197 352 3246 Ael.
371 3196 493 3245 Aristides
511 3196 628 3259 (Panath.
652 3197 707 3260 lp.
729 3209 775 3258 177
797 3196 888 3260 Dino.)
910 3198 998 3247 laudat
1016 3198 1141 3263 fugientes
1159 3200 1276 3264 Dryopes
1293 3200 1319 3249 in
1336 3201 1421 3251 Attica

166 3284 227 3332 olim
253 3290 377 3347 receptos.
423 3281 497 3331 Unde
523 3282 635 3346 fugerint
660 3299 713 3330 non
742 3290 852 3338 constat3
882 3283 914 3332 de
941 3283 1065 3347 Argolide
1091 3285 1186 3348 cogitat
1213 3285 1421 3335 Wilamowitzius

168 3366 244 3431 (Phil.
267 3370 327 3419 Unt.
346 3369 368 3427 I,
393 3365 460 3429 134),
488 3367 520 3416 de
541 3367 651 3418 Maliaco
675 3368 731 3416 sinu
754 3368 905 3432 Toepfferus
930 3365 1005 3431 (‘Aus
1024 3370 1049 3419 d.
1068 3370 1189 3419 Anomia>
1208 3388 1233 3435 p.
1252 3368 1308 3434 44).
1346 3372 1380 3420 Et
1400 3371 1421 3424 is

166 3454 313 3519 Dryopibus
337 3470 363 3501 re
388 3469 448 3501 vera
475 3453 560 3502 deberi
583 3453 716 3502 arbitratur
740 3453 853 3502 Atticum
878 3453 981 3504 heroem
1004 3456 1173 3514 Antiochum,
1199 3473 1274 3521 quem
1298 3457 1422 3506 Hercules

167 3541 284 3604 genuisse
309 3540 400 3589 dicitur
422 3555 437 3588 e
460 3539 545 3599 Meda,
573 3539 623 3588 filia
650 3539 782 3602 Phylantis
804 3536 888 3601 (Paus.
908 3540 928 3599 1,
950 3552 974 3604 5,
996 3555 1024 3598 23
1051 3543 1085 3599 X,
1109 3555 1148 3602 ro,
1171 3541 1211 3606 ι);
1244 3543 1312 3592 hunc
1337 3551 1421 3592 autem

167 3622 248 3688 ipsum
267 3626 400 3688 Dryopum
419 3639 505 3688 regem
524 3623 599 3672 luisse
617 3623 744 3672 affirmant
761 3624 891 3673 Diodorus
909 3627 954 3685 IV,
974 3638 1005 3689 37
1026 3635 1051 3676 et
1068 3628 1155 3677 tabula
1172 3629 1421 3692 FamesianaUahn-

168 3709 286 3760 Michael.
310 3710 405 3773 griech.
430 3709 569 3759 Bilderchr.
587 3726 614 3774 p.
636 3721 676 3771 71,
698 3721 748 3770 270
768 3726 832 3774 sqq.,
858 3712 901 3759 ubi
925 3728 960 3770 re,
988 3722 1015 3762 ut
1034 3713 1141 3771 videtur,
1166 3715 1311 3778 perturbata
1329 3714 1421 3762 Medae

168 3792 237 3843 istius
261 3801 286 3842 et
304 3794 422 3842 Herculis
441 3795 506 3844 lilius
525 3805 629 3845 vocatur
647 3793 802 3861 Ctesippus).
838 3796 921 3859 Quid?
947 3798 1046 3862 Ipsisne
1063 3815 1079 3846 a
1096 3799 1242 3863 Dryopibus
1262 3799 1306 3849 tali
1323 3798 1421 3848 ratione

169 3877 305 3927 Herculem
333 3894 435 3927 suorum
461 3881 566 3930 heroum
592 3897 697 3929 numero
724 3881 844 3930 insertum
871 3886 939 3931 esse?
966 3884 1035 3932 Num
1061 3883 1135 3932 etiam
1162 3892 1189 3932 ut
1216 3883 1378 3947 Tlepolemus
1406 3899 1421 3930 a

169 3962 367 4028 Thesprotorum
393 3965 458 4027 regis
482 3965 534 4014 filia
557 3974 632 4029 atque
654 3966 765 4015 Hercule
788 3976 856 4016 ortus
881 3982 933 4016 esse
958 3968 1081 4018 diceretur
1098 3969 1191 4018 factum
1211 3977 1248 4019 est
1265 3985 1279 4017 a
1296 3969 1421 4017 veteribus

169 4047 317 4112 Thesprotis
335 4057 360 4098 et
378 4064 430 4096 non
449 4051 481 4097 ab
500 4050 659 4100 Heraclidis?
679 4051 728 4100 Illa
746 4051 823 4115 igitur
840 4053 992 4116 genealogia
1009 4055 1142 4118 Dryopum
1161 4055 1263 4119 quidem
1279 4055 1421 4103 Atticorum

169 4132 267 4182 nullum
284 4134 383 4182 videtur
401 4134 548 4198 vestigium
569 4144 645 4185 restat
662 4136 749 4185 dubia.

254 4214 278 4282 ⁴)
296 4217 367 4266 Idem
388 4234 430 4266 rex
448 4219 522 4268 etiarn
542 4221 611 4285 apud
629 4223 703 4270 Paus.
723 4221 769 4280 IV,
791 4233 832 4283 34,
855 4237 879 4284 9.

255 4299 278 4368 ⁶)
297 4304 462 4352 Accuratiora
479 4304 566 4354 videas
583 4323 609 4370 p.
627 4319 669 4369 49.
