3142 4986
768 1168 806 1287 Ι..

546 1425 628 1506 DE
660 1421 1010 1506 MEROPIBUS.

254 1634 302 1696 ois
324 1641 450 1696 veteres
470 1631 602 1705 incolae,
626 1629 808 1712 promiscue
824 1637 860 1691 ut
873 1629 999 1694 videtur
1008 1631 1043 1712 ¹),
1066 1630 1194 1712 saepius
1210 1628 1252 1692 ab
1267 1627 1407 1708 antiquis

157 1633 248 1831 C
279 1743 464 1808 auctoribus
504 1743 632 1805 nomine
671 1738 831 1825 Μέροπες
867 1751 1038 1817 vocantur,
1077 1741 1162 1804 unde
1198 1738 1300 1804 insula
1336 1738 1409 1820 ipsa

152 1848 308 1940 Μερόπη,
340 1851 505 1938 Μεροπίς,
535 1849 713 1938 Μεροπηΐς
744 1859 793 1914 est
821 1851 1031 1934 appellatal).
1084 1849 1182 1914 Cuius
1210 1850 1347 1914 nominis
1376 1857 1410 1912 et

153 1965 389 2047 etymologiam
421 1985 504 2047 quae
537 1964 666 2026 minime
700 1964 781 2026 inter
809 1963 895 2026 viros
924 1963 1040 2026 doctos
1069 1963 1218 2026 convenit
1247 1971 1281 2025 et
1310 1982 1409 2045 quam

153 2078 312 2139 rationem
337 2076 378 2139 ad
401 2075 609 2139 Homericam
631 2094 746 2138 vocem
769 2071 913 2159 μέροπες
935 2063 1112 2159 όνθρωποι
1134 2073 1287 2154 habeat⁸)
1311 2072 1410 2136 missa

153 2186 307 2250 facientes
337 2186 393 2250 tali
415 2187 514 2249 modo
536 2188 568 2248 in
590 2185 741 2267 Meropes
761 2185 918 2266 inquirere
941 2185 1033 2248 nobis
1055 2185 1291 2267 proposuimus,
1323 2183 1410 2266 quali

153 2299 285 2361 omnino
315 2299 347 2360 in
369 2307 483 2380 gentes
505 2297 710 2378 populosque
733 2295 848 2359 fabulis
869 2296 1006 2360 traditos
1027 2315 1204 2375 eorumque
1226 2315 1409 2376 eponymos

153 2410 269 2473 heroes
299 2410 412 2489 inquiri
442 2409 546 2471 decet.
592 2408 710 2470 Exstat
732 2409 817 2470 enim
840 2407 1012 2489 Meropum
1035 2426 1218 2490 eponymus
1241 2403 1329 2488 Cous
1350 2425 1409 2468 rex

153 2520 298 2602 Merops.
350 2519 476 2582 Insulae
506 2539 625 2580 nomen
655 2519 820 2600 proprium
850 2519 895 2580 ita
924 2519 952 2580 ei
981 2520 1146 2580 adnexum
1175 2525 1240 2591 est,
1271 2525 1307 2578 ut
1337 2514 1409 2583 Con

153 2630 252 2693 filiam
262 2632 289 2711 ⁴)
317 2631 384 2693 eius
414 2651 485 2694 esse
514 2631 630 2698 dicant.
682 2629 755 2711 Ipse
786 2639 842 2692 aut
870 2631 1065 2711 terrigena⁶)
1094 2649 1165 2692 esse
1194 2628 1328 2692 traditur
1354 2636 1410 2690 aut

154 2741 236 2804 filius
259 2741 445 2822 Triopael),
476 2741 564 2823 quod
591 2750 661 2802 tum
683 2741 905 2821 excogitatum
928 2750 960 2803 et
983 2761 1042 2822 per
1062 2740 1239 2803 incolarum
1261 2759 1319 2802 ora
1340 2758 1410 2820 per·

154 2851 256 2914 latum
280 2871 349 2912 esse
372 2853 506 2928 videtur,
537 2873 610 2914 cum
633 2850 692 2914 Coi
715 2852 812 2914 sacris
834 2850 994 2933 Triopicis
1014 2852 1166 2914 interesse
1189 2860 1364 2932 coeperant
1373 2853 1409 2932 ⁷).

242 3089 265 3157 ¹)
283 3090 367 3140 Huius
395 3091 430 3138 rei
457 3089 578 3140 indicium
606 3100 643 3141 est
669 3092 739 3158 quod
767 3092 837 3141 velut
861 3091 984 3141 Pindarus
1008 3090 1093 3156 (Nem.
1112 3092 1158 3152 IV,
1180 3101 1211 3155 25
1232 3105 1286 3156 sq.;
1318 3090 1408 3140 Isthm.

155 3181 188 3238 V,
210 3178 242 3228 28
255 3192 307 3243 sq.;
328 3176 360 3227 cf.
381 3176 501 3226 strabon.
521 3177 583 3235 VII,
599 3190 662 3241 331;
683 3178 789 3241 Quintil.
809 3178 868 3227 inst.
889 3194 925 3227 or.
944 3178 1019 3234 VIII,
1040 3178 1065 3239 6,
1084 3176 1127 3242 71)
1145 3184 1170 3226 et
1187 3175 1336 3226 Plutarchus
1354 3172 1409 3240 (qu.

155 3265 200 3315 Gr.
221 3263 266 3329 58)
293 3269 380 3314 contra
403 3263 521 3327 Meropes
538 3263 674 3312 Herculem
697 3263 861 3313 dimicantem
883 3262 992 3322 faciunt,
1021 3278 1079 3312 cum
1100 3262 1257 3320 Heraclidis,
1289 3260 1316 3310 id
1340 3261 1411 3326 quod

154 3349 229 3399 huius
247 3347 480 3398 dissertatiunculae
497 3346 574 3412 ipsius
591 3357 628 3396 est
646 3349 762 3412 probare,
783 3363 840 3396 cum
858 3347 1030 3412 compluribus
1051 3347 1077 3396 in
1095 3347 1177 3396 insula
1195 3347 1341 3398 nationibus
1358 3363 1411 3396 cer·

155 3444 239 3484 tamen
258 3433 459 3483 contrahendum
478 3431 562 3482 suerit.

240 3517 265 3584 ²)
284 3520 369 3568 Locos
386 3518 472 3566 videas
489 3518 558 3582 apud
579 3517 758 3583 Pape·Bensel.
776 3533 796 3567 s.
815 3534 857 3567 vv.

241 3602 265 3670 ³)
285 3605 392 3669 Epicum
419 3619 491 3652 usum
518 3603 668 3653 imitandum
695 3603 825 3652 manifeste
853 3603 900 3667 sibi
926 3603 1058 3668 proposuit
1085 3610 1163 3668 poeta
1188 3603 1276 3667 hymni
1303 3603 1410 3653 Homer.

156 3691 178 3748 I,
198 3705 245 3752 42:
266 3682 395 3754 Μίλητός
412 3706 441 3742 τε
460 3682 540 3748 Κόως
557 3706 586 3741 τε
604 3683 685 3748 πόλις
696 3685 842 3757 Μερόπων
860 3680 1029 3759 ἀνθρώπων.
1063 3688 1208 3738 Grandibus
1221 3695 1304 3740 tamen
1319 3687 1408 3737 litteris

156 3791 246 3825 vocem
266 3769 411 3843 Μερόπων
431 3775 621 3840 exprimendam
640 3791 693 3824 esse
712 3784 788 3840 patet.

242 3857 266 3924 ⁴)
286 3861 373 3925 Steph.
393 3862 453 3924 Byz.
474 3877 493 3909 s.
512 3877 536 3909 v.
556 3859 631 3919 Κῶς;
653 3861 693 3910 Et.
713 3861 750 3910 M.
772 3878 798 3925 p.
820 3871 879 3923 507,
901 3870 940 3923 55.

243 3942 266 4010 Ι5)
286 3946 337 3994 l.L

242 4028 267 4095 θ)
287 4030 372 4095 Steph.
385 4032 445 4095 Byz.
463 4048 483 4080 s.
498 4048 522 4080 v.
535 4034 649 4101 Μέροψ.
675 4031 783 4096 Triopas
795 4029 885 4095 etipse
898 4030 958 4080 Cois
970 4046 1025 4078 rex:
1046 4029 1127 4079 schol.
1143 4028 1252 4078 Theocr.
1264 4030 1351 4088 XVII,
1366 4029 1409 4090 69.

171 4155 173 4159 .
243 4113 266 4182 ⁷)
286 4116 324 4166 cf.
338 4116 559 4166 Wilamowitzium
572 4118 660 4167 Herm.
673 4118 773 4176 XVIII,
787 4127 846 4177 431,
867 4116 906 4164 cui
924 4125 1008 4164 tamen
1021 4115 1071 4164 hoc
1083 4113 1195 4164 Doribus
1208 4113 1311 4162 demum
1323 4113 1413 4163 deberi

156 4203 225 4252 haud
248 4203 283 4251 ita
306 4201 379 4250 facile
403 4203 550 4252 concedam.
589 4202 642 4251 Etsi
664 4202 730 4251 enim
755 4209 843 4266 postea
865 4201 979 4265 prolecto
1005 4201 1104 4249 Dorum
1127 4197 1231 4264 propria
1255 4199 1414 4249 habebantur

1171 4281 1206 4333 ι·
1364 4289 1366 4294 ’
