3142 4986
680 313 892 378 ..37-

159 468 204 532 M.
228 466 416 543 Schmidtio,
449 469 502 550 qui
528 490 588 551 pro
615 470 733 532 tradito
756 472 842 550 apud
865 470 985 551 Hygin.
1010 469 1072 532 fab.
1101 486 1139 546 14
1161 471 1289 532 nomine
1311 471 1411 552 patris

163 579 303 643 ‘Minois’
328 581 454 662 scripsit
478 580 632 661 ‘Minyae'
644 579 679 661 ¹).

244 691 405 754 Boeoticis
439 691 558 769 Minyis
591 691 798 755 vindicandus
831 712 901 755 esse
931 692 1056 754 videtur
1084 691 1261 773 Clymenus
1294 692 1347 774 qui
1376 700 1411 754 ut

158 802 330 864 Presbonis
358 801 450 878 filius,
482 802 589 864 Phrixi
616 823 719 884 nepos
748 801 814 876 fuit,
845 803 888 866 ita
911 822 1045 884 regnum
1069 803 1146 864 olim
1168 804 1271 866 tenuit
1290 802 1411 865 Orcho·

157 914 243 977 meni
252 912 288 993 Β).
1279 970 1282 974 »

244 1023 308 1088 Sed
348 1025 479 1104 Minyae
518 1026 615 1088 etiarn
653 1027 683 1088 in
720 1025 889 1106 Triphylia
924 1024 1165 1100 habitaverunt3
1200 1035 1297 1106 atque
1331 1026 1412 1106 Pylii

157 1137 279 1200 Neleus
307 1137 491 1217 Nestorque
519 1157 593 1199 eum
624 1136 818 1199 Thessalicis
847 1146 881 1199 et
902 1137 1062 1200 Boeoticis
1091 1136 1253 1200 affinitatis
1278 1138 1411 1200 vinculis

160 1249 407 1329 continenturss).
455 1249 534 1310 Inde
563 1249 645 1311 bene
676 1249 870 1325 intellegitur
896 1248 987 1311 Nelei
1016 1248 1099 1311 filius
1127 1248 1365 1330 Periclymenus
1373 1250 1409 1330 4).

157 1359 189 1422 Is
211 1361 414 1443 potissimum
438 1361 514 1441 quid
536 1359 681 1422 beneficii
704 1360 845 1439 artisque
867 1381 887 1422 a
901 1359 1054 1442 Neptuno
1076 1369 1109 1422 et
1132 1370 1263 1422 auctore
1285 1361 1411 1441 generis

158 1482 192 1536 et
223 1473 399 1554 praecipuo
434 1471 616 1551 Minyarum
650 1473 712 1532 deo
746 1472 921 1552 acceperit,
955 1473 1029 1534 Inde
1060 1472 1102 1534 ab
1135 1471 1280 1534 Hesiodo
1313 1493 1411 1554 saepe

157 1592 283 1646 veteres
306 1591 512 1644 narraverunt
520 1584 556 1663 5).

243 1695 459 1776 Reperiuntur
488 1703 596 1756 autem
625 1696 655 1756 in
685 1695 826 1758 Arcadia
856 1715 987 1776 quoque
1016 1703 1049 1757 et
1079 1693 1256 1775 Clymenus
1284 1704 1317 1758 et
1338 1693 1410 1776 Cly-

158 1826 262 1868 mene.
307 1805 398 1866 Haec
425 1806 555 1885 quidem
585 1807 739 1887 nympha,
771 1805 972 1870 Thesimenis
1000 1806 1093 1886 Nysii
1123 1827 1141 1868 e
1166 1806 1411 1890 Parthenopaeo

151 1920 312 1999 ›mater⁶);
343 1917 396 1979 ille
422 1937 500 1979 vero
523 1925 578 1978 aut
600 1915 758 1980 Schoenei
768 1920 793 1997 7)
822 1917 905 1979 filius
927 1926 983 1979 aut
1005 1916 1167 1998 Caenei8),
1198 1918 1298 1999 vulgo
1318 1919 1412 2000 Lapi-

156 2029 243 2095 thae.
286 2028 356 2091 Nec
378 2049 442 2090 non
468 2028 521 2090 ille
543 2026 728 2109 Clymenus,
752 2029 801 2090 cui
823 2038 916 2110 pater
937 2037 988 2091 est
1006 2029 1160 2109 Tereus⁹)
1176 2029 1327 2110 Argivus,
1351 2031 1413 2093 Ar·

156 2141 266 2204 cadiae
289 2140 394 2221 primo
416 2141 625 2205 vindicandus
648 2160 718 2202 esse
738 2141 871 2202 videtur.
915 2140 1007 2202 Idem
1028 2141 1112 2202 enim
1135 2149 1168 2203 et
1190 2142 1230 2202 de
1252 2161 1292 2203 eo
1315 2142 1411 2204 etde

156 2251 316 2315 Schoenei
346 2251 527 2331 Caeneique
556 2251 628 2313 filiis
654 2261 812 2313 narratur:
846 2260 992 2332 stuprum
1022 2252 1052 2312 in
1081 2250 1179 2312 filiam
1203 2251 1410 2332 Harpalycen

157 2363 375 2429 commissum.
421 2364 512 2424 Haec
534 2362 649 2436 fabula,
674 2383 771 2443 quam
794 2383 836 2424 ex
859 2361 961 2424 altero
984 2363 1015 2424 in
1037 2362 1174 2424 alterum
1189 2363 1296 2425 locum
1311 2370 1409 2425 trans-

157 2477 288 2540 ductam
319 2495 389 2537 esse
419 2496 477 2556 per
506 2495 541 2537 se
571 2483 670 2556 patet,
701 2483 772 2536 utro
800 2474 932 2535 tandem
960 2483 1031 2536 orta
1057 2482 1115 2549 est,
1146 2474 1286 2556 Argisue
1316 2494 1357 2536 an
1379 2476 1410 2536 in

152 2586 319 2651 ArcadIa?
334 2585 475 2648 Solvitur
491 2585 555 2648 sere
573 2585 719 2666 quaestio
735 2607 777 2648 ex
793 2585 987 2666 Harpalyce,
1004 2587 1054 2648 cui
1070 2586 1152 2648 sicut
1165 2588 1251 2668 apud
1267 2586 1411 2650 Thracas

243 2801 266 2868 ι)
286 2803 351 2852 Item
369 2803 459 2851 Elarae
478 2809 558 2867 pater,
579 2801 622 2866 qui
640 2801 719 2864 vulgo
738 2801 846 2862 Minyas,
867 2801 936 2866 apud
954 2801 1113 2852 Eustathium
1132 2820 1158 2867 p.
1181 2803 1255 2865 1699.
1276 2817 1309 2868 59
1327 2805 1411 2854 Minos

157 2890 251 2955 legitur
276 2887 318 2952 (cf.
337 2889 440 2952 Mayer.,
462 2887 520 2951 Gig.
542 2904 566 2936 u.
585 2887 635 2936 Tit.
654 2904 678 2951 p.
701 2897 739 2948 77,
760 2885 813 2950 58).
854 2886 949 2949 Quales
972 2895 1031 2936 sunt
1052 2903 1100 2946 res,
1127 2889 1207 2952 magis
1229 2897 1267 2938 est
1288 2899 1409 2955 opportu-

156 2992 218 3026 num
236 2992 289 3024 non
307 2982 403 3023 mutare
421 2973 534 3031 nomIna,
555 2972 675 3037 quoniam
692 2972 761 3021 haud
780 2972 862 3020 obiter
874 2973 959 3020 Miuos
977 2979 1002 3020 et
1013 2973 1112 3036 Minyas
1130 2974 1322 3039 Minyarumque
1340 2977 1410 3025 natio

158 3077 306 3114 concurrere
322 3060 437 3108 videntur
455 3056 498 3122 (cf.
517 3058 678 3116 Studniczka,
695 3059 792 3120 Cyrene
811 3075 836 3122 p.
856 3057 910 3121 66).

244 3143 358 3210 ²)Idem
381 3152 453 3209 pater
477 3143 565 3207 Ergini
589 3146 752 3208 Argonautae
770 3145 839 3209 apud
857 3144 953 3208 Hygin.
971 3144 1022 3194 sab.
1043 3156 1074 3205 14
1091 3145 1277 3206 Periclymenus
1294 3156 1408 3199 vocatur.

242 3229 266 3296 8)
286 3232 317 3280 V.
336 3231 368 3280 O.
386 3229 502 3279 Mueller.
522 3229 642 3278 Orchom.
661 3246 686 3294 p.
705 3229 848 3292 360-376,

242 3313 266 3381 ⁴)
285 3317 378 3380 Odyss.
398 3316 447 3373 XI,
468 3315 532 3368 286:
553 3314 622 3364 alibi.

242 3399 265 3468 ⁶)
285 3402 391 3451 Hesiod.
411 3401 460 3465 frg.
481 3414 512 3465 33
531 3401 592 3458 Rz.;
613 3401 692 3450 schol.
715 3402 802 3465 Apoll.
819 3401 870 3450 Rh.
885 3403 907 3458 I,
924 3400 984 3465 156;
1004 3399 1230 3464 Hygin.sab.1o;
1253 3402 1331 3454 Ovid.
1348 3414 1407 3454 met.

157 3489 220 3547 XII,
243 3497 288 3552 551
303 3504 359 3552 sqq.
380 3517 412 3524 -
431 3488 495 3536 Inde
513 3487 582 3535 haud
600 3487 651 3534 scio
670 3502 701 3535 an
721 3487 880 3536 decurtatum
897 3486 929 3535 sit
946 3486 1096 3554 Περικλ-ος
1112 3502 1216 3546 nomen,
1236 3503 1288 3552 quo
1306 3497 1410 3538 vocatus

156 3581 195 3624 est
211 3588 276 3624 unus
293 3589 323 3622 ex
341 3573 390 3621 illis
405 3571 503 3622 Nelidis
521 3572 564 3635 qui
582 3571 607 3619 in
621 3571 707 3620 Ioniae
720 3571 823 3620 urbibus
835 3571 948 3635 plurImis
959 3580 1128 3635 regnaverunt
1141 3569 1224 3635 (Paus.
1237 3573 1297 3629 vll,
1312 3587 1337 3636 3,
1356 3571 1407 3638 10).

153 3712 156 3717 ,
242 3656 266 3723 ⁸)
286 3660 381 3724 Hygln.
407 3659 457 3710 fab.
480 3670 519 3720 71.
556 3657 625 3719 Nysa
649 3656 693 3704 illa
715 3657 781 3704 circa
805 3657 919 3720 Tegeam
943 3656 1052 3706 locanda
1075 3657 1189 3708 visaest
1210 3659 1318 3708 Maassio
1344 3656 1409 3724 (ind.

155 3744 236 3796 schol.
253 3745 306 3794 hib.
325 3744 421 3809 Gryph.
443 3744 503 3805 1891
522 3761 547 3808 p.
569 3753 608 3806 15,
628 3741 665 3805 4).
772 3788 776 3795 ,

243 3826 265 3893 ⁷)
285 3830 382 3894 Hygin.
408 3831 458 3879 fab.
482 3829 541 3887 206,
562 3828 619 3889 246.
661 3828 806 3877 Schoeneus
830 3844 923 3876 nomen
947 3827 1019 3876 duxit
1040 3830 1073 3877 ab
1098 3832 1159 3878 urbe
1183 3829 1320 3894 Σχοινοῦς
1344 3829 1410 3880 inter

153 3915 345 3980 ¹Megalopolim
363 3924 388 3964 et
404 3915 575 3979 Methydrium
593 3913 640 3963 sita
659 3911 743 3976 (Paus.
761 3914 835 3971 VIII,
856 3925 898 3977 35,
922 3911 973 3976 ro).

242 3997 266 4065 ⁸)
285 4001 354 4065 Hyg.
374 4001 425 4049 fab.
445 4013 502 4060 242.
538 4001 670 4063 Perperam
689 4000 725 4049 M.
744 3998 898 4048 Schmidtius
916 3998 986 4064 quod
1005 4000 1063 4049 cod.
1081 4001 1111 4048 F.
1129 4000 1241 4065 praebet,
1260 4001 1366 4050 mutavit
1383 4001 1409 4049 in

154 4083 315 4146 JSchoenei’.
336 4110 368 4120 —
386 4085 553 4148 Lapitharum
572 4098 628 4132 cum
644 4083 918 4148 Peloponnesiacomm
933 4090 986 4131 tum
998 4084 1180 4134 Arcadicorum
1191 4085 1296 4149 vestigia
1306 4086 1410 4150 collegit

156 4169 190 4220 G.
209 4167 373 4228 Kirchnerus,
394 4172 447 4219 Art.
465 4178 491 4218 et
508 4168 595 4234 Pelop.
614 4187 639 4234 p.
659 4170 688 4217 61
710 4185 746 4233 sq.

244 4250 267 4318 ⁹)
286 4254 404 4304 Parthen.
423 4270 488 4305 narr.
506 4262 583 4303 amat.
606 4267 644 4318 13.
