3142 4986
699 255 907 316 -62÷

181 428 293 511 diebus
316 424 719 508 nuptiaeconficiebantur
742 423 781 504 (C
805 441 841 486 21
869 403 963 505 squ.)
1008 424 1080 486 Hae
1103 425 1224 493 Backio
1247 423 1301 505 (de
1320 420 1435 484 Graec.

85 551 87 556 ’
181 541 308 601 caerim.
340 558 371 618 p.
399 554 436 616 19
457 537 519 617 sq.)
552 536 645 598 binae
675 536 762 598 visae
792 544 866 612 sunt
894 555 938 597 sc.
969 544 1002 596 et
1030 534 1178 597 Herculis
1208 545 1251 603 et¹
1268 534 1437 596 hominum

181 649 385 730 quorundam
416 647 561 728 nuptiae3
591 645 660 708 illas
689 667 770 709 voce
802 638 914 729 γάμος,
946 645 1005 707 has
1028 639 1329 728 yoiporsignificari.
1371 643 1438 708 Sed

182 760 346 822 dissuadet
375 758 426 820 vel
457 750 474 823 ὃ
498 751 560 839 1τὸν
589 752 693 841 γάμον
723 759 839 836 ποιῶν,
872 777 968 837 quem
998 757 1053 818 vix
1080 758 1249 838 quisquam
1272 757 1438 819 hominem

182 869 329 932 Herculis
359 870 576 931 instituentem
609 870 736 950 nuptias
766 868 1007 948 interpretetur;
1038 888 1182 948 agnosco
1210 868 1318 949 potius
1344 869 1438 929 unice

182 981 348 1043 hommum
387 980 522 1060 nuptias,
560 999 644 1058 quae
682 979 782 1040 modo
819 978 978 1058 singulari,
1017 979 1115 1040 modo
1153 977 1267 1063 plurali
1303 999 1438 1040 numero

182 1100 352 1168 vocantur;
383 1090 540 1152 Hercules
570 1110 648 1151 vero
674 1090 794 1170 hospes
817 1067 862 1151 eis
885 1091 1038 1152 interesse
1059 1088 1197 1169 fingitur.
1221 1128 1260 1137 -
1284 1090 1335 1152 De
1357 1091 1440 1153 aede

182 1203 233 1264 dei
255 1202 353 1264 verba
376 1201 507 1263 omnino
529 1221 594 1262 non
616 1199 704 1274 fiunt,
729 1201 786 1263 sed
808 1201 925 1262 domus
948 1202 1107 1282 quaedam
1130 1203 1212 1262 intra
1232 1222 1341 1263 sacros
1358 1200 1440 1264 fines

182 1313 213 1374 in
243 1313 339 1374 horto
368 1313 428 1374 sita
458 1312 499 1373 ad
530 1331 580 1373 res
613 1331 721 1373 sacras
751 1311 819 1373 usui
850 1309 945 1406 luisse
971 1312 1096 1374 videtur
1119 1314 1160 1391 (v.
1184 1313 1210 1373 B
1238 1314 1275 1375 18
1297 1332 1387 1393 sqq.;
1413 1311 1439 1374 C

184 1424 224 1501 36
247 1425 341 1503 sqq-l·

233 1603 236 1610 ¹
269 1532 495 1596 Antimachiae
533 1552 616 1613 quae
652 1532 833 1612 agebantur
869 1532 1016 1595 HerculiS
1052 1553 1142 1595 sacra
1178 1534 1312 1615 insignia
1348 1543 1440 1596 erant

183 1645 389 1727 potissimum
417 1643 503 1706 miris
533 1644 725 1723 quibusdam
748 1645 956 1718 caerimoniis,
987 1664 1061 1706 cum
1084 1645 1235 1707 sacerdos
1257 1644 1440 1708 sacrificans

184 1755 354 1818 femineam
384 1763 509 1817 vestem
540 1763 572 1816 et
602 1756 731 1817 mitram
758 1753 818 1815 sibi
848 1755 993 1816 indueret
1022 1776 1059 1817 ac
1082 1755 1175 1816 simul
1198 1757 1308 1836 sponsi
1332 1757 1440 1818 mulie-

185 1867 283 1929 briter
317 1865 420 1928 vestiti
450 1886 587 1946 sponsas
614 1866 801 1946 exciperent
823 1865 995 1945 (Plutarch.
1018 1885 1071 1946 qu.
1096 1865 1150 1936 Gr.
1175 1868 1227 1947 58)
1238 1866 1274 1947 ¹).
1316 1867 1352 1929 In
1375 1869 1441 1948 qui-

185 1978 246 2040 bus
268 1977 433 2039 Asiaticae
457 1997 508 2038 res
530 1977 742 2039 barbarorum
765 1977 898 2038 subesse
921 1977 1075 2039 videntur.
1120 1976 1173 2058 (O.
1198 1977 1343 2042 Mueller.
1359 1980 1448 2060 Dor.

185 2089 209 2162 I,
232 2101 312 2167 4503
342 2082 429 2156 Dub.
450 2109 482 2170 p.
505 2088 568 2168 46).
592 2123 635 2133 -
657 2088 743 2150 Num
766 2089 806 2150 de
829 2087 892 2150 hoc
914 2088 1094 2150 dictasunt
1116 2087 1278 2152 Ciceronis
1300 2091 1400 2153 verba
1423 2111 1442 2153 e

188 2199 367 2279 ‘theologo’
400 2217 593 2280 quocunque
616 2199 731 2261 hausta
753 2200 796 2279 (d.
820 2208 885 2263 nat.
908 2199 939 2262 d.
954 2177 1016 2272 Ill,
1042 2200 1089 2272 16,
1112 2202 1180 2281 42):
1222 2200 1362 2264 ‘Tertius
1392 2213 1442 2267 est

185 2311 243 2390 (sc.
268 2309 436 2390 Hercules)
459 2331 502 2371 ex
524 2309 628 2372 Idaeis
650 2311 767 2391 Digitis
789 2312 839 2372 cui
858 2309 918 2372 Coi
941 2309 1066 2373 inferias
1090 2310 1263 2399 offerunt'?

272 2421 324 2483 De
347 2421 575 2483 Halasarnensi
597 2421 737 2483 Hercule
760 2441 857 2501 supra
879 2422 1018 2484 diximus
1038 2443 1069 2503 p.
1092 2423 1142 2484 60.

274 2530 349 2612 Quo
380 2531 501 2594 insulae
535 2531 608 2592 loco
631 2531 762 2592 Herculi
785 2551 968 2611 cognomen
993 2531 1086 2596 luerit
1110 2523 1273 2615 Ἄλεξιςῖ)
1296 2534 1442 2614 (Aristid.

186 2652 268 2706 orat.
292 2643 334 2706 V.
359 2654 437 2704 tom.
461 2643 484 2716 l,
509 2661 541 2722 p.
563 2641 606 2702 60
628 2641 737 2721 Dind.)
758 2661 822 2703 non
843 2652 979 2704 constat.

273 2754 309 2816 In
339 2754 477 2814 nummis
508 2751 583 2814 Cois
615 2751 771 2815 Hercules
801 2753 949 2815 omnibus
981 2752 1045 2815 sere
1075 2756 1276 2835 temporibus
1307 2757 1445 2819 occurrit

188 2868 231 2946 (v.
255 2864 367 2927 Paton.
391 2863 531 2944 catalog.
555 2865 664 2943 num).

273 2976 451 3037 Hominum
475 2974 604 3035 nomma
626 2972 745 3035 iaciunt
768 2972 832 3036 huc
855 2995 897 3036 er.
921 2973 998 3035 XIII
1022 2977 1062 3054 (v.
1086 2975 1199 3040 Paton.
1223 2977 1285 3038 ind.
1310 2998 1341 3059 p.
1360 2980 1445 3058 373).

276 3215 438 3277 Baccho
462 3213 617 3294 Scyllitae
646 3215 756 3275 civitas
779 3212 921 3275 Coorum
949 3215 1167 3296 compluribus
1194 3217 1312 3277 mensis
1335 3217 1446 3278 Batro·

189 3326 243 3387 mii
274 3326 387 3387 diebus
409 3325 570 3405 (XIX..et
599 3334 695 3387 sexto
725 3326 872 3386 exeuntis
903 3327 1020 3386 mensis
1050 3337 1082 3388 et
1111 3327 1205 3388 tertio
1228 3323 1446 3407 quodam‘die

189 3436 418 3516 intercedente)
447 3457 539 3498 suem
561 3446 594 3497 et
614 3437 755 3498 haedum
779 3437 942 3498 mactabat
967 3437 1046 3516 (Pat.
1071 3458 1115 3500 nr.
1138 3454 1186 3517 37,
1211 3460 1260 3501 vv.
1284 3455 1323 3519 45
1349 3443 1445 3520 sqq.).

191 3547 384 3628 Cognomen
407 3550 456 3609 dei
481 3549 638 3610 Maassius
661 3547 784 3627 (Herm.
813 3550 888 3627 1891
915 3569 945 3629 p.
976 3551 1034 3628 178
1057 3551 1120 3630 sq.)
1150 3550 1236 3610 ducit
1265 3546 1448 3629 ᾶσκύλλος

190 3682 288 3743 quem
311 3661 469 3723 marinum
492 3660 692 3741 potissimum
716 3679 828 3720 canem
852 3669 950 3739 atque
967 3661 1040 3723 inde
1057 3662 1153 3722 deum
1169 3661 1273 3740 ipsum
1288 3662 1445 3724 marinum

190 3773 432 3853 interpretatur;
461 3771 611 3833 Patonius
633 3791 710 3832 vero
733 3772 774 3832 ad
797 3791 911 3847 vocem
934 3769 1082 3850 σκυλλίς·
1107 3770 1267 3858 κληματίς
1288 3773 1444 3854 (Hesyeh.

277 3968 300 4034 ¹)
320 3971 359 4020 Cf.
378 3988 404 4036 p.
423 3982 463 4032 30.
499 3970 558 4020 Huc
578 3968 673 4019 rettulit
691 3983 735 4016 eos
753 3967 796 4031 qui
815 3969 840 4015 in
860 3969 976 4016 Herculis
997 3955 1177 4019 Diomedontei
1195 3971 1271 4020 sacris
1289 3971 1447 4037 reperiuntur

190 4057 251 4106 ritus
274 4056 381 4104 Backius
404 4057 421 4106 l.
445 4056 461 4106 l.
484 4073 509 4120 p.
532 4067 631 4116 14-24
658 4054 823 4103 fundamento
851 4069 940 4118 parum
968 4055 1051 4103 solido
1079 4057 1159 4106 nixus.
1203 4057 1320 4121 Namque
1347 4057 1381 4106 rei
1406 4057 1447 4105 hic

191 4142 297 4190 maxime
325 4141 429 4206 insignis
455 4141 506 4190 illic
528 4141 625 4189 nullum
650 4140 782 4203 vestigium
805 4141 973 4204 conspicitur3
1003 4156 1050 4189 nec
1076 4141 1215 4204 hospitium
1239 4142 1302 4190 illud
1330 4141 1448 4190 Herculis

191 4221 341 4295 (ξενισμός)
361 4244 374 4276 e
393 4227 494 4276 fabulae
512 4226 674 4275 Plutarcheae
693 4225 803 4289 imagine
821 4240 967 4289 expressum
985 4242 1038 4274 esse
1057 4235 1166 4290 oportet.

277 4310 300 4377 ⁹)
321 4314 393 4361 Idem
410 4313 509 4362 videtur
527 4312 597 4375 quod
617 4313 678 4360 alias
694 4307 870 4368 Ἀλεξίκακος.
