3156 4972
686 323 897 388 ,53-

166 478 199 539 in
221 497 286 558 qua
305 479 356 539 die
370 478 459 540 XIX.
478 478 546 542 Iovi
568 499 622 541 sus
645 487 803 542 mactatur
826 484 889 554 (vv.
908 483 960 558 33!
964 483 1015 560 34)
1039 489 1071 543 et
1093 479 1156 544 soci
1181 475 1307 563 (ἑστία),
1331 483 1417 564 apud

166 608 264 669 quam
291 589 342 652 die
370 587 444 653 XX.
474 589 637 657 incruenta
665 609 756 659 sacra
783 589 960 662 offeruntur
989 591 1032 670 (v.
1061 593 1104 668 48
1134 595 1205 673 αα.)
1258 592 1417 665 Sacerdos

165 719 243 762 vero
271 708 407 780 apparet
436 701 532 761 etiam
563 701 602 787 in*
623 701 725 772 altero
756 700 850 772 titulo
879 701 957 783 (Par.
980 722 1028 771 nr.
1054 706 1125 783 125)
1136 703 1174 785 ¹),
1202 706 1286 769 unde
1307 715 1416 777 tamen

165 791 358 874 continuone
380 832 420 874 an
442 832 549 873 annuo
573 811 702 877 Iunctus
720 812 762 874 sit
784 833 915 884 munere
938 813 1050 894 dispici
1072 815 1192 894 nequit.

248 922 316 984 lovi
339 922 487 985 adiuncta
509 931 558 986 est
576 917 785 987 Ἀθαναία
799 916 938 1001 Πολιάς.
975 923 1020 991 Et
1035 923 1094 1005 ipsi
1108 925 1159 995 die
1174 925 1330 998 Batromii
1343 928 1417 998 XX.

166 1033 223 1097 Coi
247 1055 342 1096 ovem
364 1032 543 1096 sacrificant
565 1034 645 1114 (Pat.
668 1055 713 1100 nr.
739 1050 789 1114 37,
808 1036 847 1114 56
862 1038 960 1117 sqq.);
982 1055 1041 1099 nec
1063 1045 1172 1098 tamen
1194 1035 1294 1111 locus,
1318 1058 1416 1119 quem

164 1165 359 1225 cognoscere
389 1146 531 1208 maxime
557 1145 654 1220 iuvat,
686 1147 821 1215 additur.
844 1182 884 1192 -
907 1145 1026 1209 Utrum
1048 1146 1100 1213 dle
1121 1146 1227 1219 XXX
1250 1150 1416 1220 cuiusdam

164 1256 282 1318 mensis
314 1256 479 1337 publicum
512 1255 701 1319 sacrificIum
735 1257 789 1319 uni
818 1257 963 1327 oblatum
993 1257 1037 1327 sit¹
1056 1243 1238 1346 Ἀθαναί]ᾳ
1267 1253 1416 1329 Πολιάδι

166 1368 246 1447 (Pat.
270 1387 318 1432 nr.
337 1383 389 1443 40,
405 1367 439 1447 b)
462 1388 501 1429 an
524 1368 618 1429 simul
638 1369 734 1436 etlam
757 1368 825 1430 Iovi
850 1388 914 1433 non
937 1369 1001 1430 iam
1022 1369 1221 1450 perspicitur.
1235 1405 1281 1425 2-
1295 1371 1417 1457 Propri-

167 1499 221 1540 um
255 1462 353 1540 luisse
387 1475 552 1541 Minervae
585 1481 788 1542 sacerdotem
830 1480 927 1542 docet
963 1500 1028 1543 non
1062 1479 1172 1544 titulus
1202 1501 1247 1546 nr.
1280 1497 1348 1562 125,
1382 1493 1416 1554 at

167 1611 214 1655 nr.
233 1606 283 1669 37,
301 1604 352 1669 57.
367 1627 409 1636 —
424 1590 549 1653 Eadem
571 1591 633 1653 dea
647 1587 739 1656 Νίκα
761 1590 989 1672 cognominata
1011 1599 1061 1653 est
1082 1591 1114 1653 in
1136 1592 1239 1661 altero
1260 1591 1416 1665 fastorum

164 1700 307 1764 Coorum
329 1699 511 1782 fragmento
533 1701 614 1781 (Pal.
636 1723 682 1766 nr.
706 1701 804 1787 43l⁹l

248 1811 329 1875 Sunt
359 1821 468 1875 autem
498 1812 560 1875 alia
590 1833 721 1894 quoque
751 1814 837 1894 apud
865 1811 954 1876 Coos
982 1832 1074 1877 sacra
1093 1814 1163 1876 Iovi
1191 1836 1230 1886 ac
1252 1815 1415 1890 MInervae

162 1923 352 1986 communia.

247 2035 299 2097 Ac
321 2035 459 2116 primum
483 2035 684 2114 proferantur
707 2029 788 2112 Ζεύς
808 2028 986 2115 Μαχανεύς
1007 2042 1040 2101 et
1054 2023 1223 2106 Ἀθαναία
1245 2036 1415 2121 Μαχα[νι’ς

164 2146 215 2208 vel
245 2147 335 2228 νῖνις)
367 2147 443 2227 (Pat.
474 2166 519 2211 nr.
548 2147 609 2227 38).
662 2145 710 2212 Illi
744 2145 851 2227 qualia
882 2143 1038 2217 sacrificia,
1068 2146 1182 2214 eadem
1215 2155 1313 2229 atque
1346 2149 1414 2219 Iovi

161 2257 271 2320 Polieo
300 2257 422 2319 ratione
452 2265 566 2337 parata
593 2257 655 2319 sint
685 2257 886 2330 monuimus;
916 2276 974 2322 nec
996 2276 1075 2323 vero
1097 2256 1275 2337 eligebatur
1297 2268 1414 2331 macta·

163 2368 321 2449 baturque
351 2368 412 2430 bos
441 2368 498 2436 nisi
531 2368 629 2430 tertio
649 2386 779 2448 quoque
802 2367 931 2448 annoss),
954 2387 1029 2438 cum
1050 2367 1152 2448 vulgo
1171 2376 1238 2437 tres
1259 2388 1338 2438 oves
1360 2369 1414 2433 im-

163 2479 368 2541 molarentur.
413 2479 494 2540 Item
518 2478 583 2540 fere
605 2479 702 2540 etiam
725 2478 888 2543 Minervae
909 2478 1007 2541 tertio
1027 2497 1159 2559 quoque
1178 2499 1264 2543 auno
1284 2480 1414 2561 insignis

163 2589 268 2653 hostia
299 2584 456 2671 (δάμαλις
484 2583 593 2673 κριταί)
623 2588 819 2652 offerebatur
847 2590 898 2655 die
920 2589 992 2654 XII.
1017 2626 1056 2635 -
1080 2587 1238 2652 Sacerdos
1264 2592 1413 2672 proprius

161 2701 230 2764 Iovi
253 2723 317 2762 non
339 2700 435 2762 luisse
457 2701 597 2778 videtur;
626 2721 700 2763 nam
723 2702 877 2763 instaurat
899 2701 997 2781 ipsius
1020 2701 1210 2766 sacrificium
1231 2701 1412 2772 Duodecim

160 2813 306 2882 Deorum
336 2813 496 2887 sacerdos,
526 2813 558 2874 id
589 2832 729 2894 quoque,
757 2813 881 2892 opinor,
913 2805 985 2894 πὰρ
1013 2807 1072 2895 τὸν
1090 2806 1203 2879 καινόν
1223 2833 1266 2877 sc.
1289 2807 1410 2896 βωμόν,

159 2935 194 2986 ut
217 2924 367 2986 Hiclrsius
396 2924 553 2996 subaudit,
585 2932 618 2986 at
647 2943 710 2984 non
733 2923 914 2991 Duodecirn
935 2923 1013 2993 Deis
1036 2924 1117 2995 inter
1138 2944 1173 2995 Se
1195 2944 1411 2999 communem,

158 3036 215 3097 sed
245 3035 293 3096 his
315 3035 458 3114 Iovique.
482 3069 523 3079 —
547 3033 648 3115 Origo
679 3033 795 3096 horum
817 3053 981 3105 sacrorum
1004 3043 1115 3114 aperte
1138 3034 1411 3115 Peloponnesiaca

159 3155 218 3211 est.
262 3146 376 3226 Argivi
405 3145 490 3207 enim
512 3144 596 3213 Iouis
619 3144 789 3210 Machanei
814 3145 904 3211 testis
926 3154 976 3206 est
998 3144 1125 3224 Lyceas
1147 3147 1234 3226 apud
1256 3146 1346 3216 Paua
1370 3146 1410 3224 Π,

158 3273 208 3332 22,
233 3273 268 3319 2;
306 3255 505 3318 Corinthium
534 3264 642 3319 autom
672 3266 705 3318 et
727 3256 952 3336 Megarensem
984 3257 1056 3328 inde
1085 3257 1203 3326 ducere
1226 3257 1299 3321 licet
1321 3259 1410 3340 quod

161 3378 194 3430 et
217 3367 375 3446 Corcyrae
398 3366 560 3447 (Bischoff.
584 3388 616 3448 p.
643 3369 716 3446 372)
738 3377 771 3429 et
793 3367 940 3447 Byzantii
960 3365 1230 3449 Chalcedoneque
1245 3368 1409 3449 (Bischoff.

159 3499 190 3559 p.
217 3481 290 3558 374)
324 3479 426 3540 mensi
458 3477 585 3547 cuidam
620 3498 737 3545 nomen
767 3488 836 3541 erat
864 3471 1041 3558 Μαχανεύς
1070 3476 1121 3558 (cf.
1153 3481 1249 3542 etiam
1282 3481 1408 3562 Bergk„

160 3590 257 3653 Beitr.
274 3611 300 3656 z.
316 3589 434 3670 griech.
454 3589 543 3654 Mon.
560 3609 591 3670 p.
612 3590 671 3668 18).
709 3588 872 3660 Minervae
894 3609 972 3653 vero
995 3588 1219 3660 Machanitidis
1240 3591 1409 3661 delubrum

161 3700 311 3764 exstabat
333 3702 374 3763 ad
398 3699 630 3781 Megalopolim
654 3699 758 3778 (Paus.
781 3699 869 3774 VIII,
895 3700 943 3778 36,
970 3702 1009 3781 5).

244 3940 267 4006 ¹)
285 3944 436 4010 Εἰρηναῖος
469 3935 618 4007 Εὐαραῖτου
655 3933 806 4009 Εὐάρατον
844 3933 982 4008 Ἀχελῴαν
1016 3933 1213 4010 rometam
1240 3933 1410 4000 Ἀπόλλωνος

160 4028 269 4078 Δαλίου
291 4027 337 4078 καὶ
356 4021 425 4084 Διὸς
442 4021 591 4092 [molvius
612 4028 659 4076 καὶ
676 4018 793 4083 Ἀθάνας
810 4029 858 4076 καὶ
876 4020 1009 4077 Aurium
1029 4024 1105 4078 Θεῶν
1121 4027 1169 4076 καὶ
1186 4017 1408 4096 μοναρχήσαντα.

242 4109 265 4175 ²)
284 4114 348 4169 Iure,
380 4118 407 4160 ut
431 4112 529 4175 opinor,
555 4111 651 4161 censuit
675 4110 797 4160 Patonius
820 4111 877 4159 illos
900 4127 951 4160 non
970 4110 1085 4174 publicos
1102 4125 1156 4160 esse
1173 4110 1260 4170 fastos,
1286 4113 1330 4160 sed
1349 4127 1408 4176 pro·

156 4196 273 4246 babiliter
290 4196 415 4262 gymnasii
433 4196 490 4246 Coi.
1067 4232 1068 4236 ,

191 4311 192 4314 =
243 4277 267 4346 Β)
284 4283 343 4332 Hoc
365 4282 424 4331 satis
446 4290 514 4332 certe
536 4285 659 4348 probatur
681 4281 763 4331 verbis
788 4294 853 4344 quae
876 4278 1004 4335 adduntur
1021 4274 1053 4330 τὸ
1072 4274 1172 4353 ἅτερον
1189 4279 1260 4343 ἔπος,
1280 4288 1408 4348 utcunque

159 4365 316 4431 explicantur
333 4367 463 4431 sequentia
482 4362 532 4438 ἐφ’
552 4352 586 4418 οὗ
603 4370 715 4422 uisum
733 4368 877 4436 Καρνεῖαι.
