3142 4986
680 279 894 342 „34-

153 434 268 499 θῶσαι
299 427 405 520 λόγον,
423 425 608 517 Ἡρακλέος
637 425 824 516 εὐρυσθενεῖ
854 429 965 520 γέννᾳ·
993 428 1031 496 τὸ
1060 428 1120 512 μὲν
1149 425 1210 514 γὰρ
1239 423 1411 512 πατρόθεν

155 541 192 609 ἐκ
213 542 298 624 Διὸς
318 535 475 626 εἶν’χονται,
497 539 535 609 τὸ
558 534 589 609 δ’
615 533 849 629 Ἀμυντορίδαι
870 534 1039 625 ματρόθεν
1060 536 1310 622 Ἀστυδαμείας.
1353 540 1411 605 Ex

154 656 312 719 ambabus
341 666 450 719 autem
472 655 655 736 Tlepolemi
685 653 800 717 sabulis
827 663 963 736 apparet
991 653 1127 715 nationis
1148 673 1223 715 eum
1245 653 1415 742 proprium¹

155 766 250 830 luisse
281 788 364 849 quae
393 765 629 848 eThesprotia
657 767 804 847 pervenit
827 763 1034 829 Ormenium:
1072 763 1303 826 Thessalorum
1325 763 1409 827 dico.

154 878 280 941 Tamen
314 888 438 942 veteres
469 878 529 960 ipsi
562 879 639 959 (qua
672 897 707 938 re
735 876 880 957 plerique
909 875 1088 956 perturbari
1115 875 1275 956 videntur)
1310 874 1411 957 Argis

155 989 382 1072 Tlepolemum
403 989 529 1052 venisse
552 989 583 1050 in
606 987 759 1050 Rhodum
783 986 919 1048 insulam
941 995 1070 1048 narrant
1093 985 1268 1067 fugientem
1282 986 1411 1066 Licym-

155 1101 208 1162 nio
230 1102 330 1182 patris
352 1100 511 1163 avunculo
534 1097 712 1162 interiecto,
758 1096 824 1161 Sed
846 1098 909 1160 hoc
932 1097 1008 1159 mihi
1029 1118 1093 1159 non
1116 1098 1254 1160 multum
1276 1098 1411 1160 auctori·

154 1212 228 1274 tatis
250 1211 358 1279 habet.
396 1209 560 1291 Quoniam
582 1210 667 1272 enim
690 1208 752 1272 alia
773 1207 880 1271 herois
895 1208 1020 1290 Argiva
1038 1209 1176 1290 vestigia
1189 1229 1254 1271 non
1269 1217 1410 1282 exstant,

154 1323 241 1385 haud
264 1322 408 1404 paullum
431 1321 506 1384 licet
527 1320 680 1401 suspicari
703 1320 791 1382 illam
814 1340 936 1395 necem,
963 1329 999 1382 ut
1021 1329 1054 1382 et
1075 1319 1235 1382 habitasse
1256 1320 1362 1401 Argis
1378 1329 1413 1383 et

154 1433 228 1496 inde
250 1433 368 1496 exiisse
384 1431 595 1514 Tlepolemus
617 1432 678 1493 dici
700 1440 821 1512 posset,
843 1452 914 1494 esse
933 1429 1042 1493 fictam
1058 1450 1116 1512 per
1131 1429 1279 1493 Rhodios
1293 1430 1410 1506 Dores,

154 1545 297 1625 Argivos
317 1544 521 1626 potissimum
543 1542 687 1616 colonos
715 1558 789 1605 cum
812 1541 960 1604 Herculis
982 1542 1078 1604 istum
1100 1540 1200 1604 filium
1223 1561 1317 1604 suum
1340 1561 1412 1604 esse

154 1655 274 1717 vellent
305 1655 447 1716 heroem.
471 1672 514 1700 -·
536 1653 648 1734 Atque
678 1633 714 1715 ut
744 1674 784 1715 eo
815 1654 919 1715 minus
945 1653 1101 1716 momenti
1126 1654 1158 1715 in
1179 1652 1304 1734 Argiva
1327 1673 1412 1735 quae

155 1765 254 1828 fertur
288 1765 411 1847 origine
444 1785 562 1846 ponas,
597 1763 700 1827 altero
733 1765 887 1845 exemplo
920 1763 1145 1827 Althaemenis
1178 1765 1312 1826 eandem
1346 1763 1412 1828 fere

154 1876 281 1938 Dorum
315 1877 471 1938 rationem
504 1876 745 1940 demonstrabo
797 1876 828 1938 ls
862 1876 947 1938 enim
975 1896 995 1938 a
1024 1874 1216 1956 nonnullis1)
1249 1873 1413 1938 Cretensis

156 1985 263 2049 Catrei
296 1986 378 2049 filius
412 1986 507 2049 fuisse
542 1996 640 2068 atque
670 1987 701 2048 in
730 1986 885 2049 Rhodum
914 1985 1051 2048 insulam
1080 1997 1298 2067 transgressus
1322 1987 1413 2068 Jovis

155 2118 246 2160 sacra
268 2099 299 2160 in
321 2099 483 2179 Atabyrio
506 2109 617 2160 monte
640 2098 822 2160 condidisse
845 2098 966 2160 dicitur.
1003 2098 1081 2159 Inde
1104 2099 1177 2160 loco
1200 2098 1329 2160 cuidam
1351 2099 1412 2162 sub

156 2209 261 2271 radice
281 2211 400 2272 montis
421 2210 493 2282 sit0,
526 2209 580 2271 ubi
604 2208 827 2272 Althaemenis
849 2208 977 2271 sodales
999 2209 1220 2283 consederant,
1248 2207 1413 2294 doncuria

156 2338 274 2380 nomen
304 2328 372 2382 erat
401 2320 535 2382 inditum
543 2320 578 2402 ²).
625 2319 690 2382 Sed
721 2320 858 2383 afferunt
886 2319 1046 2400 veteres⁸)
1076 2320 1173 2382 etiam
1204 2319 1408 2384 Heraclidam

155 2428 414 2503 Althaemenem,
447 2429 511 2492 Cisi
540 2430 650 2504 filium,
682 2431 736 2510 qui
763 2451 870 2492 rursus
893 2430 992 2512 Argis
1014 2430 1148 2492 colonos
1170 2440 1203 2493 et
1225 2432 1256 2492 in
1279 2430 1405 2496 Cretam

155 2551 189 2602 et
218 2543 249 2602 in
271 2540 424 2603 Rhodum
454 2542 573 2603 insulas
595 2541 732 2603 duxerit.
778 2541 872 2602 Hanc
895 2540 1044 2602 'fabulam
1067 2541 1092 2602 si
1115 2542 1185 2621 quis
1208 2563 1282 2604 cum
1305 2545 1410 2624 priore

155 2650 288 2725 confert,
320 2672 398 2713 mox
428 2653 608 2733 perspiciet,
640 2653 763 2732 opinor,
796 2651 899 2730 qualis
929 2653 1009 2713 ratio
1040 2653 1120 2714 inter
1145 2673 1200 2715 eas
1226 2653 1413 2722 intercedat.

156 2760 252 2824 Certe
283 2783 347 2824 non
375 2763 473 2824 talem
505 2763 633 2844 qualem
664 2763 706 2824 A.
731 2762 892 2824 Beckerus
923 2764 973 2844 (de
1000 2762 1201 2824 Rhodiorum
1232 2765 1414 2845 primordiis

156 2893 188 2954 p.
217 2889 272 2934 121
305 2877 390 2955 sqq.)
420 2883 452 2935 et
480 2873 521 2936 U.
553 2872 713 2936 Hoeferus
741 2872 868 2954 (Conon
898 2894 929 2955 p.
953 2877 1007 2955 74)
1037 2873 1096 2935 sibi
1126 2873 1303 2952 finxerunt,
1338 2896 1413 2938 cum

157 2984 239 3046 duos
262 2982 357 3046 luisse
380 2984 613 3047 Althaemenes
635 2994 668 3047 et
691 2985 850 3066 Argivum
873 2995 906 3047 et
928 2983 1126 3058 Cretensem,
1157 2983 1281 3048 fabulas
1303 2996 1413 3050 autem

157 3095 198 3157 de
220 3115 417 3178 unoquoque
439 3105 582 3158 narratas
603 3097 644 3159 ab
671 3105 801 3160 auctore
824 3095 975 3169 Cononis,
999 3094 1142 3177 Ephoro,
1165 3095 1196 3157 in
1219 3117 1316 3159 unam
1339 3118 1412 3160 con·

156 3207 328 3268 taminatas
370 3227 441 3269 esse
485 3216 650 3288 putarent;
691 3228 749 3269 nec
791 3208 919 3289 qualem
961 3205 1002 3272 O.
1034 3206 1207 3269 Muellerus
1247 3207 1411 3289 (Aeginet.

157 3333 189 3394 p.
212 3319 275 3396 43),
304 3317 357 3397 qui
381 3315 551 3380 Cretenses
573 3316 734 3398 Argivum
754 3303 1007 3380 ⁴Althaemenem
1030 3317 1173 3399 ipsorum
1195 3320 1282 3399 genti
1305 3319 1413 3400 regiae

156 3427 331 3507 adoptasse
361 3428 542 3503 contendit;
577 3448 773 3508 quamquam
803 3438 835 3490 et
866 3449 924 3490 nos
955 3428 1117 3490 nationem
1140 3431 1302 3510 quandam
1325 3429 1413 3494 sabu-

158 3535 288 3611 lantem,
313 3557 377 3598 non
401 3558 499 3599 unum
522 3539 711 3619 scriptorem
734 3540 911 3601 statuimus.
957 3539 1006 3601 Ne
1029 3539 1134 3620 plura:
1158 3539 1264 3602 Dores
1287 3541 1411 3622 Argivi,

158 3647 213 3726 qui
242 3647 272 3709 in
293 3647 412 3709 Rhodo
442 3650 664 3722 consederant,
694 3649 944 3712 Althaemenem
974 3659 1006 3711 et
1034 3650 1239 3714 Heraclidam
1269 3650 1414 3716 fecerunt

158 3769 191 3819 et
206 3758 305 3840 Argis
328 3779 367 3820 eo
390 3759 525 3821 colonos
548 3761 823 3836 transducentem;
847 3781 885 3822 ac
909 3780 981 3822 cum
1004 3770 1125 3822 certam
1145 3763 1412 3825 necessitudinem

245 4023 267 4089 ¹)
286 4025 364 4075 Diod.
386 4026 417 4084 V,
439 4037 485 4089 593
507 4025 629 4091 Apollod.
648 4026 697 4084 III,
719 4039 743 4086 2,
767 4040 788 4074 1.

244 4106 267 4174 ⁹)
287 4112 375 4174 Steph.
396 4111 455 4173 Byz.
474 4126 492 4159 s.
511 4127 535 4161 v.
553 4114 696 4181 Κρητινία.

245 4190 269 4258 ⁸)
287 4196 378 4244 Strabo
398 4193 537 4259 (Ephorus)
560 4197 593 4255 X,
613 4205 673 4258 479,
692 4194 757 4256 481;
779 4197 851 4252 XIV,
873 4196 937 4258 653;
959 4194 1059 4245 Conon.
1080 4211 1146 4246 narr.
1164 4209 1206 4258 47.
