3142 4986
668 331 879 394 ..39-

143 484 391 548 Hermionensis
413 485 454 547 ad
479 492 583 548 totam
606 485 827 564 quaestionem
849 484 1060 567 propositam,
1084 485 1129 548 ita
1151 485 1293 547 maxime
1309 487 1400 549 inter-

143 604 196 659 est
232 616 430 678 cognoscere
462 616 544 677 quae
577 595 664 657 natio
698 615 772 657 eum
805 594 848 657 ibi
879 595 1065 658 condiderit.
1120 594 1279 658 Phoronei
1311 595 1401 660 liberi

145 715 303 769 vocantur
326 708 357 769 in
379 706 661 769 Hermionensium
684 705 792 769 sabula
815 705 992 788 Clymenus
1013 704 1254 787 Chthoniaque3
1278 709 1401 772 iseum

139 817 243 900 Argis
252 819 278 899 1)
303 828 425 881 certam
448 818 559 880 sedern
581 819 727 893 tenuerit,
750 818 960 881 concludatur
982 838 1112 880 necesse
1135 828 1185 880 est
1212 819 1300 899 ipsos
1322 819 1400 881 Her-

144 929 326 991 mionenses
357 928 442 991 illinc
465 927 616 992 Cererem
639 937 672 991 et
696 927 890 1009 Clymenum
910 929 998 1010 apud
1020 949 1054 990 se
1077 927 1182 991 cultos
1204 931 1399 1011 repetivisse.

144 1038 196 1101 Ac
232 1060 271 1101 ne
305 1041 377 1119 quis
409 1039 588 1121 suspicetur
618 1039 777 1101 Phoronei
810 1047 936 1120 partem
966 1059 1009 1101 ex
1038 1039 1169 1120 Argivis
1198 1041 1401 1121 suppositam

144 1168 224 1224 esse,
245 1148 362 1212 horum
383 1152 523 1213 narratio
538 1151 737 1230 aliquantum
753 1150 864 1212 distat:
888 1170 954 1212 non
975 1149 1142 1226 Phoronei,
1166 1152 1223 1214 sed
1242 1150 1400 1216 Colontae

144 1261 311 1323 cuiusdam
341 1260 406 1324 filia
427 1261 609 1344 appellatur
631 1260 800 1335 Chthonia,
832 1281 915 1342 quae
938 1260 1038 1341 Argis
1061 1260 1185 1324 Cereris
1208 1282 1298 1324 sacra
1321 1263 1399 1326 Her·

144 1373 286 1434 mionam
317 1373 513 1436 transtulerit
543 1373 646 1453 (Paus.
669 1373 709 1450 Il,
734 1389 751 1450 3
757 1373 796 1454 5).
840 1372 1015 1453 Propterea
1037 1372 1136 1454 Argis
1163 1393 1238 1435 vere
1268 1375 1401 1436 oriunda

144 1482 198 1546 illa
227 1503 317 1547 sacra
340 1495 517 1547 teneamus.
558 1484 602 1546 Et
624 1493 692 1545 erat
714 1483 756 1545 ibi
779 1483 903 1564 pridem
926 1492 1000 1545 ante
1023 1483 1128 1545 Dores
1151 1485 1280 1547 condita
1302 1482 1401 1547 Ceres

142 1594 285 1677 Pelasgis
293 1595 329 1677 2).
370 1594 452 1658 Cum
469 1595 751 1658 Hermionensium
774 1603 882 1656 autern
906 1594 967 1656 dea
987 1594 1084 1656 etiam
1107 1594 1209 1657 multo
1225 1596 1400 1657 recentiore

142 1714 251 1770 aetate
281 1727 408 1769 sacrum
437 1706 668 1769 commercium
698 1714 768 1768 erat
788 1704 937 1768 Asinaeis
959 1704 1126 1767 Messeniis
1149 1707 1202 1787 qui
1225 1716 1319 1769 antea
1340 1705 1400 1768 Ar-

142 1818 259 1900 golidis
290 1819 403 1881 urbem
436 1818 561 1880 Asinen
593 1817 805 1898 tenuerant8).
858 1814 933 1896 Qua
965 1837 1008 1878 ex
1036 1837 1070 1878 re
1098 1817 1242 1879 eiusdem
1265 1818 1401 1880 nationis

142 1949 235 1992 sacra
261 1928 441 1992 efficiuntur
463 1949 547 2010 quae
570 1939 602 1991 et
624 1929 836 1991 Hermionam
859 1936 891 1990 et
913 1927 1036 1989 Asinen
1059 1926 1205 1990 incoluit:
1229 1928 1310 1990 haec
1332 1939 1401 1992 erat

141 2039 317 2122 Dryopum
348 2041 435 2104 natio
445 2040 480 2122 4).
525 2040 664 2102 Accedit
686 2039 786 2102 altera
807 2059 866 2100 res.
910 2037 1105 2100 Hermionae
1128 2048 1161 2100 et
1180 2037 1312 2115 Asinae,
1342 2039 1400 2101 Ar·

142 2150 262 2233 golidis
284 2151 315 2213 in
338 2153 470 2234 oppid0,
495 2151 663 2214 colebatur
684 2149 808 2231 Apollo
832 2168 928 2228 quem
950 2158 1068 2211 vocant
1090 2144 1300 2233 Πυθαεύς5);
1327 2171 1400 2212 eun-

140 2262 218 2325 dem
249 2263 430 2344 ubicunque
458 2263 622 2344 reperitur,
653 2282 672 2323 a
694 2260 882 2341 Dryopibus
903 2259 989 2321 haud
1010 2259 1148 2321 alienum
1171 2280 1241 2321 esse
1264 2261 1330 2322 veri
1351 2270 1401 2323 est

140 2373 348 2440 simillimum.
394 2373 542 2441 Occurrit
565 2373 649 2435 enirn
672 2373 702 2433 in
726 2370 910 2451 Cynuria⁶),
935 2371 966 2431 in
988 2370 1150 2433 Laconiae
1173 2380 1282 2432 monte
1299 2370 1399 2433 Thor-

139 2480 268 2565 nac'e'l),
293 2486 324 2546 in
346 2487 416 2567 ipsa
439 2485 516 2548 urbe
533 2482 650 2566 Sparta
658 2485 699 2564 8);
724 2480 823 2564 quid?
846 2501 952 2543 nonne
973 2481 1056 2544 hanc
1075 2481 1141 2544 sere
1162 2482 1248 2544 viam
1264 2483 1398 2562 ingressi

230 2652 254 2721 ¹)
274 2657 314 2706 cf.
334 2672 357 2705 e.
377 2672 415 2720 gr.
434 2658 508 2705 Paus.
526 2657 561 2716 ΙΙ,
582 2668 622 2715 20,
644 2669 669 2719 3.

228 2737 251 2806 ²)
270 2742 343 2790 Paus.
368 2742 404 2794 ΙΙ,
429 2755 470 2799 22,
492 2755 517 2790 2.
542 2767 576 2778 -
599 2741 698 2791 Eodem
723 2741 774 2789 lere
800 2740 890 2790 attinet
913 2739 984 2804 quod
1007 2738 1119 2787 Acrisius
1144 2739 1255 2804 Argivus
1278 2738 1400 2803 Pelasgus

141 2826 239 2877 Cereris
251 2826 359 2891 Pylaeae
378 2827 404 2875 in
417 2827 595 2892 Thermopylis
614 2827 736 2892 templum
749 2826 892 2875 condidisse
903 2825 981 2874 fertur
992 2822 1153 2888 (Callimach.
1167 2841 1209 2890 ep.
1225 2837 1257 2888 39
1272 2824 1400 2886 Wilam).

227 2908 251 2968 ⁸)
271 2911 299 2961 C.
318 2912 340 2961 1.
361 2912 393 2961 G.
415 2924 478 2974 1193
496 2934 531 2952 =
552 2914 666 2961 Dittenb.
687 2913 743 2976 syll.
764 2929 803 2962 nr.
824 2911 884 2975 389.
905 2938 937 2946 -
956 2911 1029 2960 Paus.
1048 2911 1084 2972 ΙΙ,
1105 2911 1145 2972 36,
1168 2921 1192 2974 5.

227 2994 251 3060 ⁴)
270 2997 368 3046 Herod.
387 2997 460 3056 VIII,
479 3011 521 3062 43,
538 3010 584 3060 733
606 2998 697 3047 Strabo
717 2998 790 3052 VIII,
812 3007 876 3060 3733
899 2996 978 3045 Diod.
1000 2997 1045 3055 IV,
1065 3008 1110 3058 37;
1131 2996 1163 3045 al.
1180 3022 1214 3033 -
1228 2995 1399 3045 Lacedaemo·

58 3090 61 3095 '
140 3082 211 3131 niam
234 3097 337 3146 quoque
356 3083 471 3132 Cererem
490 3083 645 3132 Chthoniam
665 3079 748 3147 (Paus.
768 3083 817 3142 ΙΙΙ,
842 3096 881 3143 14,
904 3080 930 3146 5)
956 3081 1016 3130 illuc
1039 3082 1123 3131 referri
1141 3097 1214 3146 posse
1232 3097 1261 3130 ex
1280 3081 1316 3129 eis
1334 3095 1398 3145 quae

140 3167 225 3217 statim
248 3176 415 3232 exponentur,
435 3168 593 3232 probabitur.
632 3168 672 3217 cf.
693 3168 776 3224 wide,
798 3168 830 3217 de
849 3183 912 3217 sacr.
931 3168 1022 3216 Troez.
1043 3184 1068 3231 p.
1086 3166 1129 3226 48.

227 3248 250 3315 15)
269 3252 343 3301 Paus.
360 3253 393 3311 11,
407 3264 447 3315 35,
461 3267 491 3311 2;
506 3253 548 3316 36,
564 3264 586 3316 5.
612 3253 695 3301 Huius
709 3253 827 3301 vocabuli
840 3253 921 3301 forma
934 3251 1087 3301 conferenda
1101 3259 1138 3300 est
1150 3266 1207 3298 curn
1216 3241 1396 3316 Κρητα(ι)εὖς,

139 3332 287 3396 Naucratis.
308 3337 396 3395 simil.;
418 3353 517 3387 necesse
536 3344 573 3387 est
594 3338 670 3402 igitur
689 3339 780 3386 ducere
798 3335 942 3394 amuda,
962 3351 1026 3402 quae
1044 3352 1095 3384 vox
1104 3335 1137 3384 ad
1150 3336 1281 3400 vulgarem
1295 3327 1395 3392 Πυθώ,

140 3432 170 3472 ut
189 3415 256 3489 ήχήε
284 3417 353 3489 ἠχώ,
384 3419 511 3492 lPrr'rupur:
541 3420 665 3492 Σαπφώ,
693 3424 776 3488 Opta:
808 3416 881 3491 Θριώ
906 3431 961 3479 etc..
989 3436 1054 3485 quae
1077 3421 1215 3470 Ahrensius
1238 3420 1272 3471 K.
1297 3421 1324 3471 Z.
1346 3421 1394 3477 ΙΙΙ,

139 3525 166 3574 p.
185 3508 219 3559 88
237 3525 293 3574 sqq.
319 3509 422 3573 collegit
445 3506 528 3573 (quod
551 3524 591 3558 me
610 3508 708 3557 monuit
727 3508 793 3558 Guil.
813 3506 943 3571 Schulze).
984 3507 1042 3555 Hoc
1060 3506 1137 3570 igitur
1155 3506 1283 3572 Apollinis
1301 3521 1397 3570 cogno·

140 3594 209 3644 mine
231 3595 349 3659 Dryopes
371 3594 475 3660 proprio
500 3610 558 3643 usus
582 3610 635 3643 esse
660 3594 753 3643 iudlco.
771 3620 806 3630 -
824 3593 926 3642 Asinaei
951 3592 992 3641 dei
1014 3592 1109 3657 templo
1128 3593 1211 3640 Dores
1228 3592 1317 3655 Argivi
1340 3606 1397 3639 curn

139 3680 229 3729 urbem
248 3687 349 3744 captam
368 3679 488 3738 delerent,
509 3688 676 3744 pepercerunt
694 3688 768 3744 atque
785 3679 938 3744 Epidaurios
957 3694 987 3727 eo
1004 3676 1124 3727 sacrificia
1137 3676 1235 3727 mittere
1249 3683 1395 3740 coegerunt.

139 3764 209 3815 Nam
231 3765 266 3814 ad
292 3765 342 3813 hoc
366 3764 490 3830 templum
515 3765 585 3830 quod
609 3765 634 3813 in
653 3765 806 3829 Arglvorum
829 3773 932 3813 venerat
956 3762 1095 3819 dicionem,
1120 3778 1173 3811 non
1195 3763 1229 3810 ad
1246 3761 1310 3810 illud
1328 3759 1398 3826 quod

138 3849 218 3915 Argis
235 3848 296 3914 ipsis
314 3857 367 3899 erat
385 3846 461 3913 (sicut
475 3849 508 3899 Ο.
521 3850 645 3899 Muellero
657 3851 721 3899 Dor.
734 3851 755 3910 Ι,
772 3847 824 3913 85),
845 3849 969 3915 pertinere
987 3848 1049 3897 mihi
1067 3848 1185 3897 videntur
1202 3847 1278 3896 verba
1295 3846 1397 3908 Thucy·

138 3935 208 3987 aidis
226 3936 257 3994 V,
278 3946 323 3999 53:
348 3928 516 4001 κυριώταται
541 3932 572 3986 δὲ
597 3943 646 3986 τοῦ
673 3935 748 4002 ἱεροῦ
771 3928 841 3999 ἦσαν
857 3929 977 4000 Ἀργεῖοι
994 3930 1038 3996 (cl.
1057 3933 1132 3982 etiam
1152 3932 1283 3981 Kircliner.
1301 3932 1354 3980 Att.
1371 3936 1398 3978 et

138 4020 230 4086 aerop.
250 4037 276 4085 a·
293 4031 337 4084 45.
356 4019 394 4084 4l·

226 4102 251 4170 ο)
270 4106 291 4155 I.
310 4106 343 4155 G.
361 4107 393 4155 A.
411 4105 496 4154 Roehl
514 4121 551 4155 nr.
572 4115 603 4170 59
622 4097 800 4171 [Ἀπόλλωνι]
818 4105 856 4171 τῷ
877 4099 1031 4169 nunaunt

227 4186 251 4254 Ι)
269 4191 343 4239 Paus.
353 4190 402 4248 III,
419 4203 458 4250 ιο,
470 4190 485 4238 8
496 4190 538 4253 (cl.
549 4190 624 4248 VIII,
637 4201 678 4250 27,
694 4191 740 4251 17).
775 4189 853 4238 Haud
871 4189 941 4254 parvi
960 4189 1081 4238 momenti
1094 4197 1131 4236 est
1145 4187 1215 4251 quod
1227 4184 1303 4234 etiam
1318 4201 1399 4250 prope

139 4274 307 4325 Hermionam
326 4274 448 4324 Thornax
466 4290 549 4332 mons,
569 4284 658 4340 postea
675 4283 780 4324 vocatus
797 4268 965 4342 Κοκκύγιον,
987 4283 1039 4322 erat
1058 4273 1118 4322 situs
1137 4270 1222 4333 (Paus.
1240 4270 1276 4326 ΙΙ,
1298 4272 1340 4335 3⁶·
1363 4267 1398 4333 ι).

226 4355 251 4422 ⁸)
269 4359 342 4409 Paus.
362 4360 411 4419 111,
435 4372 474 4417 11,
498 4372 525 4417 ¹3
547 4357 575 4408 C.
594 4359 614 4408 l.
633 4358 665 4408 G.
684 4374 722 4406 nr.
746 4370 819 4418 1429·
