3142 4986
676 293 891 357 ..5³1-

157 470 255 526 sacra
281 448 444 542 Apollinis
477 448 701 511 amaioribus
735 457 869 529 accepta
888 449 1097 513 sanctisSIma
1119 449 1279 528 ,tenebant
1309 449 1412 530 (Paus.

156 560 215 636 IV·
243 560 381 640 34,1;1).
610 631 614 635 .

173 736 192 744 ,A
243 671 334 733 Haec
368 668 469 746 habui¹
495 685 578 748 quae
613 670 653 730 de
676 668 876 750 *Dryopibus
909 688 1118 749 exponerem.
1171 669 1255 732 Nam
1287 670 1413 753 Pelasgi

156 791 264 856 utrum
294 780 409 842 suerint
439 800 538 855 necne
569 780 747 860 disputare,
779 789 814 842 ut
844 779 1018 858 Muellerus
1052 778 1212 842 Soldanus
1242 781 1414 845 Bursianus

156 873 408 974 disputaverunt,
440 900 473 952 et
504 890 659 953 lubricum
690 892 783 965 duco,
813 911 888 954 cum
909 900 1032 953 certum
1056 889 1299 953 fundamentum
1321 893 1412 970 desit,

156 978 362 1083 nebquales
396 1022 480 1064 nunc
510 1010 584 1064 sunt
612 1002 652 1063 de
682 1000 825 1082 Pelasgis
856 1004 997 1063 virorum
1027 1002 1197 1064 doctorum
1226 1004 1411 1078 sententiae,

159 1123 390 1195 opportunum.

216 1335 335 1403 [Nunc
362 1334 423 1396 dici
453 1342 563 1414 potest
593 1332 696 1415 qualis
727 1332 793 1396 sere
823 1334 904 1395 ratio
934 1334 1015 1396 inter
1045 1333 1173 1414 Minyas
1201 1342 1234 1397 et
1258 1333 1413 1417 Dryopes

156 1447 345 1511 intercedat.
390 1445 486 1508 quta
518 1444 602 1525 enim
632 1443 747 1506 ambae
776 1445 921 1506 nationes
951 1445 1170 1526 compluribus
1190 1444 1269 1506 locis
1291 1445 1413 1507 habita·

155 1565 288 1632 verunt3
323 1556 349 1618 si
378 1556 483 1617 minus
512 1556 544 1616 in
573 1554 761 1617 Thessaliae
790 1555 1007 1636 superioribus
1037 1556 1236 1637 regionibus,
1270 1566 1413 1619 attamen

156 1668 333 1731 certissime
355 1669 397 1729 ad
413 1665 611 1748 Spercheum
623 1667 648 1747 ¹)
671 1677 901 1754 concurrerunt
923 1676 955 1728 et
978 1667 1019 1728 ad
1034 1657 1226 1730 Parnassum
1234 1668 1269 1749 Β).
1306 1664 1414 1747 Quid?

156 1799 264 1841 nonne
294 1779 338 1841 ita
367 1778 444 1840 satis
474 1777 565 1840 facile
595 1778 701 1860 potuit
728 1777 795 1841 fieri
818 1788 854 1840 ut
877 1776 1053 1859 Clymenus
1077 1776 1299 1860 Clymeneque
1322 1778 1413 1842 alteri

157 1889 278 1952 nationi
308 1888 349 1951 ab
379 1889 482 1951 altera
509 1888 729 1951 traderentur?
767 1887 975 1970 Quamquam
997 1890 1150 1971 Dryopes
1180 1911 1200 1952 a
1223 1890 1343 1971 Minyis
1365 1911 1414 1953 ac·

156 2002 290 2082 cepisse,
323 2021 387 2062 non
414 2000 484 2062 vice
515 2019 614 2074 versa,
648 2000 759 2082 quales
786 2009 860 2062 sunt
888 2021 947 2074 res,
979 2020 1044 2062 non
1073 1998 1197 2063 sortiter
1218 2001 1413 2064 contendere

157 2112 248 2174 licet:
273 2111 324 2174 hic
347 2109 560 2177 consistimus.
866 2107 867 2111 ’

243 2223 298 2284 Ad
321 2231 504 2284 extremum
527 2222 621 2304 igitur
643 2231 679 2284 ut
701 2222 743 2283 ad
763 2219 866 2284 Coam
884 2206 1063 2302 Clymenen
1085 2223 1197 2285 redeat
1219 2220 1411 2303 disputatio:

157 2333 319 2413 Minyisne
347 2353 388 2394 an
412 2333 600 2414 Dryopibus
631 2333 787 2394 debeatur
808 2353 867 2413 per
888 2353 924 2394 se
947 2332 1013 2394 erui
1036 2335 1155 2414 nequit.
1201 2333 1291 2395 Haec
1314 2333 1411 2413 igitur

156 2445 324 2512 hactenus,

666 2727 668 2732 .
696 2728 698 2734 .
737 2683 827 2755 VIII.

473 2867 554 2947 on
589 2818 797 2951 suctus
831 2866 1098 2951 coouuu.

240 3048 439 3129 Juppiter
461 3050 656 3129 cognomIne'
669 3045 813 3125 Πολιεύς
828 3047 904 3113 Cois
926 3051 1013 3113 urbis
1036 3051 1236 3130 civitatisque
1259 3059 1412 3132 patronus

158 3169 226 3222 erat
251 3160 363 3241 (Paton
394 3169 427 3221 et
449 3159 559 3233 Hicks,
589 3160 727 3241 inscript.
753 3158 791 3222 of
809 3159 874 3222 Cos
897 3182 942 3230 nr.
964 3161 1068 3242 37)³);
1100 3161 1149 3221 cui
1165 3155 1299 3241 'publice
1322 3164 1413 3226 sacri·

157 3270 235 3333 ficia.
263 3271 460 3351 parabantur
493 3291 604 3332 mense
635 3271 845 3352 Batromio4).
898 3271 1121 3351 Immolatur¹⁵l
1150 3272 1211 3334 bos
1241 3273 1292 3334 die
1320 3261 1412 3350 XX.;

244 3442 267 3507 ¹)
285 3445 325 3492 De
345 3442 436 3506 Minyis
454 3442 489 3490 ibi
507 3443 616 3491 conditis
637 3443 721 3491 videas
741 3461 766 3508 p.
786 3457 827 3506 23.

247 3526 270 3594 ²)
291 3530 433 3593 Minyarum
452 3528 524 3576 sedes
542 3529 641 3578 elucent
659 3545 672 3577 e
691 3529 779 3593 Steph.
797 3530 856 3593 Byz.
875 3545 895 3581 s.
913 3547 937 3580 v.
955 3525 1148 3600 Κυπάρισσος;
1170 3546 1217 3580 nec
1235 3547 1287 3580 non
1305 3532 1414 3595 proximi

158 3624 228 3664 erant
248 3613 413 3662 Orchomenii
431 3614 541 3677 Minyae.

244 3697 267 3762 8)
285 3700 466 3763 Fragmentum
494 3707 539 3759 est,
569 3700 631 3748 sicut
659 3700 705 3750 alia
735 3716 799 3765 quae
825 3701 973 3760 videbimus,
999 3701 1121 3749 fastorum
1144 3716 1272 3750 sacrorum
1296 3708 1357 3758 tum,
1387 3709 1414 3749 ut

158 3785 264 3840 videtur,
284 3785 482 3848 compositorum
502 3786 533 3833 ad
553 3801 592 3833 res
609 3801 691 3833 sacras
710 3785 802 3834 civium
821 3787 1018 3845 constituendas,
1042 3803 1099 3835 cum
1119 3786 1235 3835 universa
1256 3786 1307 3835 Cos
1325 3786 1413 3835 clvitas

159 3870 261 3918 condita
280 3878 332 3917 erat
350 3886 409 3919 ann.
428 3870 486 3932 366.

210 3997 212 4000 .
243 3952 268 4019 ⁴)
286 3956 380 4003 Mensis
408 3973 500 4004 nomen
528 3956 553 4004 in
581 3964 668 4004 nostro
696 3955 768 4004 titulo
798 3971 851 4004 non
880 3965 1004 4005 servatum
1032 3956 1114 4006 elucet
1135 3973 1166 4004 ex
1188 3956 1267 4004 altero
1293 3957 1413 4004 fastorum

159 4041 300 4105 fragmento
320 4040 410 4090 Paton.
433 4059 470 4090 nr.
490 4041 530 4103 38,
554 4055 648 4105 1,osq.,
670 4041 713 4088 ubi
734 4042 765 4091 ad
784 4041 840 4092 illas
859 4044 927 4108 ipsas
945 4041 1012 4090 lovis
1032 4042 1110 4090 Poliei
1129 4042 1292 4092 caerimonias
1310 4042 1413 4090 recurri·

159 4133 206 4175 tur.
227 4152 262 4163 —
285 4128 325 4174 De
348 4127 474 4174 mensibus
498 4127 556 4191 Cois
580 4127 666 4192 videas
688 4127 757 4191 apud
779 4127 900 4177 Bischoff.
929 4129 960 4175 de
985 4127 1041 4176 fast.
1084 4127 1128 4177 Gr.
1151 4127 1247 4191 antiqu.
1271 4143 1296 4191 p.
1316 4127 1361 4190 381
1390 4135 1414 4177 et

158 4211 248 4260 Paton.
267 4228 292 4275 p.
311 4223 369 4273 330.
896 4268 899 4275 Ι
956 4263 960 4274 ‚

245 4293 268 4362 Ι5)
287 4297 394 4345 Hostiae
411 4297 492 4344 carnis
510 4298 624 4360 proprias
641 4297 768 4362 accipiunt
787 4305 869 4361 partes
885 4297 1077 4346 Nestoridarum
1095 4313 1167 4362 gens,
1189 4296 1289 4358 medici,
1309 4297 1410 4360 tibicen,

158 4381 221 4431 fabri
241 4382 336 4438 aerarii,
358 4381 428 4444 figuli
447 4379 481 4443 (v.
502 4392 532 4444 53
552 4381 627 4447 squ).
662 4403 676 4447 ,·
1168 4447 1207 4499 4*
