3142 4986
684 312 895 371 ‚40-

159 487 230 530 esse
258 468 405 528 videntur
435 465 517 547 pulsi
547 466 678 528 Asinaei
700 465 846 546 Argolici
876 485 958 546 quos
988 465 1292 529 aLacedaemoniis
1321 475 1354 528 et
1382 466 1413 527 in

159 579 302 641 Laconia
331 585 488 658 exceptos
518 598 588 640 esse
610 587 643 640 et
665 577 844 640 Messeniae
869 578 981 640 urbem
1003 576 1160 657 Asinen1)
1183 577 1299 639 deinde
1321 597 1413 638 voca·

159 699 227 751 tam
259 688 460 751 incolendam
490 688 652 770 accepisse
682 688 864 769 constat?²)
903 689 995 750 Haec
1024 687 1119 768 igitur
1140 688 1181 749 ad
1202 688 1263 750 hos
1284 688 1413 768 quidem

160 801 313 881 Dryopes
321 799 347 880 8)
370 798 483 863 refero
527 799 596 861 Iam
618 800 650 860 id
672 800 838 861 videamus
861 800 949 878 quod
964 819 1023 860 nos
1039 818 1079 860 eo
1095 797 1160 861 fere
1174 800 1304 873 reducit,
1329 799 1413 860 unde

160 911 327 973 exordium
356 909 497 975 fecimus.
541 910 708 992 Argorum
737 911 822 972 enirn
848 931 955 972 arcem
982 909 1144 972 Larissam
1166 910 1413 973 ascendentibus

161 1031 229 1084 erat
257 1021 417 1102 Apollinis
446 1022 631 1084 Diradiotae
661 1021 693 1104 (i.
716 1042 743 1088 ε,
767 1022 798 1082 in
826 1021 909 1083 colle
931 1022 1061 1102 positi4)
1093 1021 1252 1101 templum
1282 1021 1413 1102 quoda

159 1132 313 1213 Pythaeo,
343 1132 504 1214 Apollinis
532 1131 607 1206 filio,
636 1131 772 1213 Delphis
802 1131 948 1213 profecto
975 1133 1113 1213 primum
1136 1133 1235 1194 totius
1259 1131 1412 1195 Graeciae

67 1226 69 1231 ¹
161 1245 325 1306 conditum
348 1263 418 1306 esse
441 1243 592 1306 Telesilla
614 1243 738 1324 Argiva
760 1244 899 1305 narravit
922 1244 1025 1323 (Paus.
1048 1243 1087 1317 Il,
1113 1260 1163 1320 24,
1192 1259 1225 1319 13
1253 1257 1300 1322 35,
1325 1245 1357 1322 2)
1366 1245 1411 1324 5);

160 1364 228 1417 erat
264 1363 372 1416 autern
409 1355 439 1416 in
471 1354 686 1416 vetustissima
719 1354 916 1434 Argivorum
950 1355 1036 1428 sede,
1071 1354 1124 1416 ubi
1156 1354 1253 1416 etiam
1283 1354 1412 1417 Iunonis

160 1465 323 1527 Minervae
359 1465 444 1527 Iovis
476 1466 665 1545 perantiqua
697 1467 888 1528 constabant
921 1486 1020 1540 sacra,
1056 1485 1139 1546 quae
1173 1467 1303 1545 quidem
1337 1476 1412 1528 ante

158 1575 346 1638 Heraclidas
369 1577 511 1637 instituta
534 1597 604 1638 esse
627 1597 723 1638 nemo
747 1578 920 1656 negaverit.
958 1576 1084 1638 Tamen
1107 1585 1141 1638 ut
1155 1577 1297 1639 Doribus
1315 1577 1412 1638 istum

157 1687 344 1768 Apollinem
368 1688 541 1749 vindicaret
560 1686 601 1752 O.
617 1687 791 1750 Muellerus
808 1689 896 1770 (Dor.
913 1688 936 1762 I,
955 1690 1007 1767 85)
1031 1709 1079 1762 eo,
1104 1689 1227 1769 opinor,
1252 1688 1411 1750 adductus

158 1808 208 1860 est
237 1800 324 1879 quod
347 1797 508 1879 Apollinis
537 1819 627 1861 sacra
657 1819 730 1861 curn
753 1798 940 1861 Thessalica
962 1808 1032 1861 tum
1054 1799 1248 1879 Delphicum
1270 1799 1411 1862 Doribus

160 1911 291 1972 demum
317 1909 426 1972 deberi
448 1910 669 1975 arbitrabatur.
715 1914 835 1973 Contra
857 1931 969 1972 eorum
992 1911 1046 1989 qui
1069 1930 1152 1972 nunc
1174 1919 1248 1971 sunt
1270 1911 1411 1972 virorum

160 2022 330 2083 doctorum
367 2021 453 2082 valet
485 2022 641 2084 sententia
675 2022 754 2084 haec
787 2021 928 2084 Doribus
961 2022 1146 2095 vetustiora,
1180 2021 1221 2083 ab
1253 2021 1297 2082 eis
1332 2043 1411 2084 vero

157 2152 285 2194 summo
314 2132 421 2194 studio
451 2152 522 2194 esse
552 2141 685 2214 accepta
693 2135 729 2214 ⁶).
774 2132 906 2194 Minime
936 2133 1031 2212 igitur
1060 2132 1085 2193 is
1116 2152 1213 2211 quem
1235 2141 1412 2196 tractamus

160 2242 284 2324 Apollo
298 2241 437 2304 Doricus
459 2241 552 2305 fuerit
575 2264 706 2306 necesse
728 2253 786 2311 est,
824 2243 876 2305 Ac
899 2262 1096 2322 quamquam
1112 2243 1187 2304 nihil
1204 2242 1269 2304 fere
1285 2244 1317 2304 id
1333 2264 1410 2306 curo

162 2354 249 2434 quod
285 2353 457 2416 Pausanias
493 2353 536 2427 ΙΙ,
571 2369 623 2433 35,
653 2370 671 2414 2
710 2355 751 2416 de
788 2354 1075 2416 Hermionensibus
1116 2354 1239 2434 dicitu:
1283 2349 1321 2418 τὸ
1353 2355 1411 2420 τοῦ

159 2461 327 2541 Πυθαέως
347 2454 450 2546 ὄνομα
470 2459 686 2550 μεμαθήκασι
708 2459 801 2547 παρὰ
814 2455 979 2549 Ἀργείων,
1002 2474 1111 2526 tamen
1134 2473 1268 2545 propter
1289 2464 1406 2528 nerium

158 2596 264 2638 rerum
297 2575 494 2656 Argivorum
528 2575 808 2636 Hermionensium
843 2576 1057 2637 Asinaeorum
1091 2575 1213 2655 Apollo
1247 2576 1410 2654 Pythaeus

157 2685 368 2749 conserendus
398 2694 447 2746 est
476 2706 548 2746 curn
579 2687 755 2748 eorundem
779 2685 902 2748 Cereris
926 2685 1139 2767 Clymenique
1166 2688 1272 2753 sacris.
1317 2687 1410 2750 Haec

158 2797 289 2876 quidem
322 2796 421 2876 Argis
457 2796 593 2857 vidimus
625 2797 835 2859 Hermionam
869 2807 901 2859 et
934 2799 1070 2860 Asinam
1104 2808 1285 2879 propagata
1319 2819 1408 2876 esse;

158 2928 255 2990 porro
285 2907 399 2968 harum
428 2907 543 2968 saltem
569 2907 694 2968 urbium
717 2917 865 2970 constant
887 2909 1010 2970 incolae
1032 2909 1200 2990 Dryopes:
1232 2930 1311 2990 ergo
1334 2930 1410 2972 meo

157 3020 223 3080 iure
246 3027 385 3080 statuere
408 3018 483 3079 mihi
507 3019 619 3079 videor
637 3018 790 3099 Dryopes
813 3018 909 3081 fuisse
924 3019 1067 3097 Argivos
1090 3021 1142 3100 qui
1167 3040 1247 3100 quas
1269 3021 1410 3085 diximus

156 3151 207 3192 res
230 3130 303 3191 illuc
325 3151 433 3192 secum
457 3131 621 3211 portarint.
662 3130 775 3209 Neque
798 3130 871 3193 huic
896 3132 1073 3194 sententiae
1092 3133 1318 3194 detrimentum
1334 3131 1411 3196 facit

243 3385 265 3450 1)
285 3386 368 3435 Etiam
391 3387 517 3435 Laconiae
543 3397 595 3435 erat
621 3387 745 3452 oppidum
769 3387 847 3436 Asine
874 3403 954 3452 prope
975 3387 1118 3437 Taenarum
1146 3389 1220 3437 situm
1242 3398 1267 3437 et
1289 3389 1371 3453 ipsum
1394 3405 1410 3436 a

155 3471 302 3536 Dryopibus
319 3478 469 3535 occupatum
487 3469 596 3536 (Herod.
615 3473 690 3534 VIII,
712 3469 764 3535 73).

239 3553 264 3620 ²)
283 3556 356 3605 Paus.
376 3557 409 3615 ΙΙ,
431 3556 473 3619 36,
494 3567 523 3620 53
544 3557 591 3617 IV,
611 3556 636 3617 8,
656 3570 682 3620 3.

239 3639 264 3707 ⁸)
283 3641 412 3706 Megarica
428 3642 555 3706 Apollinis
572 3642 677 3704 Pythaei
700 3641 803 3704 vestigia
825 3641 889 3704 (ludi
908 3641 962 3690 festi
979 3635 1125 3692 Πυθᾶειαε
1148 3640 1176 3689 C.
1188 3642 1211 3706 J.
1225 3641 1257 3690 G.
1270 3657 1309 3689 nr.
1326 3643 1404 3706 1058;

154 3728 193 3775 Le
215 3727 354 3777 Bas-Fouc.
380 3727 490 3792 inscript.
515 3727 547 3776 de
569 3727 710 3791 Peloponn.
728 3742 766 3775 nr.
784 3727 849 3786 42b,
868 3727 912 3790 43)
935 3743 986 3791 quo
1006 3737 1081 3791 pacto
1100 3742 1158 3774 vere
1177 3727 1328 3792 explicanda
1346 3728 1404 3788 sint,

155 3829 206 3861 non
225 3812 284 3862 satis
302 3821 367 3862 certe
385 3812 434 3862 dici
451 3821 544 3876 potest.

239 3896 264 3962 4)
284 3898 323 3950 Cf.
342 3898 511 3947 Kirchnerum
529 3916 554 3964 p.
573 3910 615 3962 45,
635 3912 661 3959 4.

240 3981 264 4047 ⁶)
283 3984 351 4033 Hinc
369 3984 394 4032 in
414 3984 500 4032 Rhodi
518 3985 604 4032 urbem
623 3984 733 4032 Lindum
752 3982 852 4030 fluxisse
874 3983 947 4032 facile
968 3990 1051 4046 potest
1068 3981 1165 4046 Apollo
1180 3978 1312 4042 Πυθαεὺς
1323 3983 1408 4038 (Ross.

156 4070 176 4118 I.
195 4069 229 4118 G.
249 4071 270 4119 I.
290 4071 329 4118 III
350 4087 387 4118 nr.
408 4081 469 4131 272;
490 4070 616 4120 archaeol.
635 4069 716 4135 epigr.
737 4068 802 4118 Mitt
821 4067 903 4118 Oestr.
923 4068 989 4131 Ung.
1007 4066 1068 4129 vll,
1088 4065 1158 4130 136).

240 4151 263 4217 θ)
284 4154 492 4204 Wilamowitzius
509 4155 612 4204 Heracl.
634 4155 655 4215 1,
677 4154 735 4216 265.

243 4235 265 4302 ἵ)
284 4239 351 4288 Nam
370 4248 453 4304 potest
471 4239 577 4302 cogitari
595 4239 644 4288 hoc
662 4239 694 4287 de
712 4253 758 4287 suo
777 4253 835 4287 eum
853 4237 985 4300 collegIsse
1003 4251 1016 4283 e
1034 4235 1171 4292 Telesillae
1187 4236 1339 4286 narratione.
