3142 4986
715 277 927 344 ..66-

193 451 280 520 Dub.
303 475 334 535 p.
356 471 396 534 >31
422 457 494 536 sq.).
519 490 558 501 -
589 455 815 517 ‘Antimachiae
841 463 1003 535 repertum
1025 464 1074 516 est
1096 455 1264 519 decretum·
1283 456 1323 519 de
1346 476 1452 520 sacer-

132 556 136 563 ’
194 567 324 630 dotibus
353 565 477 630 seminis
500 565 624 629 Cereris
647 566 800 646 eligendis
823 577 855 627 et
878 567 1101 628 consecrandis
1123 568 1202 646 (Pat.
1224 589 1269 630 nr.
1297 568 1383 649 386).
1409 603 1451 615 -

193 677 328 740 Isthmia
350 679 461 740 civitas
482 671 640 758 templum
663 679 823 740 exstruxit
839 676 1015 739 Caesareae
1037 665 1165 740 cuidam
1188 677 1324 740 feminae
1348 689 1450 741 trans·

192 789 259 851 lato
291 789 414 853 Cereris
441 791 569 851 numine
600 779 780 873 (Σεβαστᾶν
806 783 891 853 θεὰν
912 781 1107 872 Δάματραν;
1138 790 1205 852 Pat.
1228 811 1274 857 nr.
1297 790 1387 872 411).
1409 828 1449 835 -

193 900 229 962 In
259 902 355 963 demo
379 900 516 962 Halente
539 900 730 962 Theocritus
753 900 794 962 id.
818 899 881 961 VII
904 900 1046 980 privatos
1068 899 1214 962 homines
1237 900 1312 962 facit
1334 901 1451 981 epulas

195 1012 368 1074 sollemnes
400 1007 572 1091 (θαλύσια)
609 1021 759 1092 parantes
791 1009 898 1072 Cereri
934 1001 1096 1096 Ἀλῳάδι,
1135 1012 1209 1091 quia
1241 1011 1452 1092 amplissimis

193 1121 336 1202 frugibus
358 1122 539 1203 impleverit
560 1124 685 1197 horrea.

278 1234 313 1294 In
345 1235 483 1296 nummis
511 1234 565 1299 ΙΙΙ.
594 1255 621 1296 a.
647 1233 720 1296 Chr.
745 1254 827 1299 saec.
857 1254 1048 1314 expressum
1078 1242 1127 1294 est
1150 1232 1273 1295 Cereris
1303 1232 1452 1296 velatum

193 1354 291 1425 caput
313 1348 354 1426 (v.
378 1345 446 1408 Pat.
470 1345 563 1407 catal.
587 1348 696 1424 num).
742 1371 744 1373 ’

279 1455 456 1516 Hominum
480 1457 609 1517 nomina
632 1458 672 1518 ad
696 1477 768 1518 eam
790 1457 1007 1538 pertinenter.
1024 1455 1149 1535 X(Pat.
1166 1456 1228 1517 ind.
1246 1477 1277 1536 p.
1296 1457 1360 1536 369
1375 1459 1452 1538 sq.).

278 1565 437 1627 Dianae
467 1566 595 1647 publice
618 1567 815 1629 Halasarnae
844 1568 950 1629 cultae
977 1567 1147 1646 vestigium
1170 1576 1277 1628 exstat
1299 1567 1330 1628 in
1353 1567 1453 1630 titulo

116 1696 124 1713 ·
192 1677 260 1743 Pat.
291 1697 336 1742 nr.
363 1692 437 1756 372,
468 1676 554 1742 Dub.
578 1699 610 1759 p,
639 1696 684 1756 19.
715 1716 758 1726 -
788 1678 907 1740 Mensis
935 1698 1052 1739 nomen
1089 1668 1305 1762 Ἀρταμίτιος,
1337 1681 1454 1758 quoad

192 1789 380 1850 etiamnunc⁴
397 1789 595 1870 perspicitur,
619 1790 767 1851 omnibus
790 1789 855 1850 sere
878 1789 1091 1870 Peloponnesi
1114 1789 1294 1850 civitatibus
1318 1788 1453 1851 Doricis

195 1900 375 1961 communis
397 1879 493 1961 luisse
515 1902 640 1962 videtur
661 1901 702 1979 (v.
726 1899 878 1962 Bischoff.
901 1920 932 1980 p.
957 1901 1018 1978 366
1039 1903 1145 1980 sqq).

278 2011 435 2073 Homines
459 2009 517 2073 Coi
540 2032 584 2074 cr.
606 2011 635 2072 ΙΙ
658 2031 677 2072 a
699 2012 803 2073 Diana
825 2031 943 2072 nomen
966 2021 1158 2091 acceperunt
1180 2011 1259 2090 (Pat.
1279 2010 1343 2075 ind.
1363 2011 1451 2093 369).

277 2122 418 2184 Venus
451 2123 594 2204 pluribus
628 2123 747 2184 insulae
781 2122 859 2183 locis
892 2123 1003 2183 sedern
1037 2123 1146 2184 tenuit.
1198 2121 1234 2182 In
1264 2122 1335 2201 ipsa
1368 2121 1450 2184 urbe

192 2233 318 2314 publice
339 2233 459 2295 cultam
482 2254 541 2294 nos
564 2234 693 2314 quidem
717 2254 789 2294 eam
813 2254 876 2294 non
897 2233 1051 2299 videmus.
1089 2233 1169 2295 Erat
1191 2243 1299 2294 autem
1322 2232 1449 2296 thiasus

194 2343 522 2424 Aphrodisiastarum,
546 2345 796 2425 peregrinorum,
823 2346 852 2406 ni
868 2365 919 2406 res
934 2344 1021 2418 fallit,
1038 2344 1202 2405 hominum
1218 2354 1251 2405 et
1266 2364 1447 2419 servorum,

195 2455 315 2536 quippe
337 2475 474 2535 quorum
497 2457 646 2536 princeps
661 2456 830 2536 Eutychus
848 2457 977 2536 ponitur
993 2456 1092 2536 patris
1107 2456 1235 2518 nomine
1252 2475 1316 2517 non
1334 2456 1447 2519 addito

195 2567 275 2646 (Par.
306 2586 351 2626 nr.
387 2567 466 2645 155).
498 2603 539 2610 —
581 2566 649 2627 Nec
687 2587 751 2627 non
788 2567 832 2626 eis
870 2567 922 2646 qui
959 2566 1132 2628 Herculem
1169 2567 1447 2630 Diomedonteum

194 2677 435 2750 venerabantur,
460 2676 572 2737 Venus
593 2675 748 2738 sacrificio
771 2676 906 2738 colenda
928 2687 996 2738 erat
1015 2677 1094 2757 (Par.
1110 2698 1156 2739 nr.
1176 2678 1224 2755 36,
1241 2677 1302 2739 col.
1319 2678 1363 2754 A,
1382 2682 1446 2761 30).

282 2787 479 2848 Halasarnae
502 2786 583 2867 lapis
604 2798 654 2848 est
677 2797 830 2868 repertus,
853 2789 884 2848 in
907 2807 972 2866 quo
987 2787 1105 2850 Veneri
1128 2788 1296 2851 immolare
1313 2809 1448 2870 capram

196 2898 344 2960 iubentur
365 2907 398 2959 et
421 2897 583 2978 Apollinis
605 2900 756 2961 sacerdos
777 2899 828 2960 die
852 2898 923 2962 Vll.
946 2899 1076 2960 Panami
1095 2920 1133 2961 ac
1153 2901 1204 2961 die
1222 2900 1278 2961 IX.
1302 2901 1451 2981 eiusdem

197 3009 332 3072 sortasse
355 3009 473 3072 mensis
495 3018 528 3070 et
550 3009 575 3071 is
595 3009 648 3090 qui
682 3011 884 3071 ‚acerdotium
894 3010 920 3089 1)
942 3010 1027 3083 emit,
1058 3031 1156 3091 porro
1178 3011 1317 3072 haedum
1341 3012 1371 3074 ei
1394 3013 1449 3092 qui

196 3141 305 3183 sacros
328 3122 407 3182 deae
429 3121 540 3182 hortos
564 3121 777 3200 balneum-que
800 3122 1023 3183 conduxerunt
1043 3122 1122 3201 (Pat.
1141 3142 1186 3183 nr.
1211 3122 1295 3201 369).

282 3232 505 3293 Antimachiae
535 3241 584 3293 est
613 3232 727 3293 civium
757 3231 924 3312 catalogus
948 3252 1069 3306 eorum,
1099 3233 1153 3311 qui
1175 3231 1311 3295 Veneris
1331 3235 1447 3297 aedem

196 3353 362 3405 exstruere
391 3352 600 3423 susceperunt
630 3342 708 3422 (Pat.
733 3363 777 3406 nr.
802 3343 928 3424 387)2).
973 3343 1148 3405 Decretum
1177 3344 1218 3406 de
1240 3331 1360 3407 hac're
1383 3345 1446 3409 fac·

196 3465 275 3529 tum,
307 3456 381 3535 quia
403 3452 658 3515 confirmandum
681 3452 747 3528 luit,
778 3455 924 3515 nimirum
947 3455 1045 3516 totius
1067 3455 1202 3517 civitatis
1224 3455 1355 3536 publica
1376 3477 1449 3519 auc·

199 3568 337 3639 toritate,
368 3565 486 3626 factum
514 3585 585 3626 esse
615 3565 720 3626 elucet
749 3566 873 3627 atribu
896 3567 1037 3644 quadam
1059 3566 1109 3627 vel
1132 3566 1263 3627 omnino
1285 3567 1450 3646 gentilicia

196 3676 392 3756 societate⁸).

283 3791 318 3850 ln
342 3787 430 3849 fastis
453 3807 534 3866 quos
557 3789 685 3869 saepius
705 3789 797 3868 attigi
813 3788 953 3852 Isthmiis
972 3786 1161 3848 sacrificium
1177 3785 1296 3851 Veneri
1313 3789 1449 3854 offeren-

327 4063 486 4130 Apollinisne
504 4079 536 4110 an
554 4064 659 4112 Veneris
677 4064 811 4122 incertum;
832 4082 865 4114 an
884 4063 977 4112 Veneri
994 4063 1097 4110 omnino
1116 4064 1231 4113 sacerdos
1248 4064 1348 4113 deerat?

328 4151 432 4214 Propter
450 4149 543 4197 litteras
561 4148 647 4197 titulus
664 4151 712 4201 111.
731 4165 754 4198 a.
773 4149 832 4199 Chr.
851 4165 915 4198 saec.
934 4149 976 4197 vix
994 4148 1118 4197 recentior
1136 4159 1180 4198 est.

328 4236 367 4284 Cf.
386 4251 450 4299 quae
469 4235 500 4282 de
519 4234 610 4282 talibus
627 4237 702 4284 rebus
719 4236 834 4299 exposuit
850 4235 959 4284 Dubois.
993 4251 1019 4299 p.
1038 4247 1078 4298 33.
