3156 4972
677 296 887 357 -49-

159 452 299 534 Aegimii
321 449 519 519 adversariis,
540 452 643 510 latum
651 449 680 527 ἲ)
701 459 758 510 aut
779 458 913 530 propter
933 447 1038 510 scelus
1059 466 1080 506 a
1093 446 1223 527 regilius
1235 446 1410 527 Dryopum

158 566 224 628 sive
246 563 406 643 Phylante
435 564 502 622 sive
521 560 654 641 tagora
684 559 867 621 consectum
894 560 925 621 in
947 557 1109 639 Apollinis
1130 577 1256 619 sacrum
1276 556 1409 639 Delphi·

158 674 277 754 cnm').
328 673 441 754 Atque
475 671 549 733 huic
579 671 751 752 posteriori
781 671 825 732 rei
852 670 963 752 plures
991 669 1218 730 adnectuntur:
1253 667 1410 748 Dryopes

157 786 231 848 victi
260 785 302 846 ab
333 783 474 845 Hercule
496 781 641 863 Apollini
660 779 811 862 Delphos
839 780 986 853 dedicati,
1015 780 1088 842 inde
1115 780 1167 840 dei
1197 780 1282 840 iussu
1304 779 1336 840 in
1355 777 1410 840 Pe

159 897 373 977 loponnesum
402 894 578 956 transducti
604 891 726 972 sunt⁸).
775 890 868 954 Haec
897 892 982 954 enim
1012 891 1191 953 necessario
1220 910 1306 951 nexu
1329 890 1411 952 inter

160 1028 194 1068 sc
220 1007 374 1068 contineri
403 1005 479 1066 mihi
510 1004 641 1082 quidem
670 1012 822 1083 apparet:
853 1003 916 1064 deo
942 1002 1103 1074 nimirum,
1132 1003 1164 1062 in
1186 1019 1283 1080 quem
1306 998 1410 1061 scelus

160 1138 198 1180 ac
225 1117 427 1197 sacrilegium
450 1126 519 1176 erat
541 1115 761 1183 commissum,
792 1115 852 1194 ipsi
874 1112 968 1174 datur
988 1113 1092 1174 sictae
1114 1113 1251 1174 nationis
1273 1109 1411 1173 nefariae

161 1237 306 1311 potestas
344 1228 583 1304 arbitriumque.
640 1225 742 1304 Atqui
779 1224 864 1286 faeta
901 1242 971 1286 esse
1003 1223 1084 1286 haec
1117 1223 1225 1285 omnia
1256 1221 1410 1303 Dryopes

162 1339 334 1421 negabant,
358 1338 425 1400 scil.
447 1339 479 1398 in
501 1335 617 1397 sabulis
639 1355 720 1416 quas
738 1355 758 1396 a
778 1335 953 1398 maioribus
976 1344 1169 1416 acceperant
1180 1335 1324 1406 traditas
1347 1332 1413 1395 tale

162 1451 239 1531 quid
275 1439 316 1510 de
356 1448 529 1509 certamine
561 1465 636 1507 cum
670 1445 809 1507 Hercule
843 1444 929 1508 laeto
960 1445 1036 1507 nilul
1070 1446 1272 1519 narrabatur;
1311 1446 1412 1507 victos

161 1561 316 1640 Dryopes
344 1560 375 1619 in
404 1559 594 1619 remotiores
615 1557 760 1618 Parnassi
784 1556 874 1618 locos
894 1555 1059 1637 refugisse,
1089 1567 1204 1638 postea
1226 1555 1360 1618 natibus
1381 1556 1413 1616 in

161 1670 421 1752 Peloponnesum
444 1670 485 1730 ad
507 1667 727 1748 Eurystheum
748 1668 909 1729 transiisse
932 1667 1035 1747 (Paus.
1057 1664 1117 1742 Ν,
1142 1684 1191 1746 34,
1214 1670 1256 1750 9).
1293 1669 1411 1734 Similis

162 1792 211 1844 est
232 1781 368 1843 Diodori
390 1779 438 1841 IV
440 1830 448 1853 ,
471 1793 510 1858 37
532 1780 682 1852 narratio,
714 1780 867 1860 quoniam
894 1799 934 1840 ne
956 1780 987 1840 in
1009 1799 1048 1840 ea
1070 1780 1200 1859 quidem
1222 1781 1412 1844 dedicationi

162 1904 222 1955 etc.
254 1893 344 1954 locus
372 1891 517 1971 restat4).
562 1888 655 1970 Quae
683 1909 759 1951 cum
788 1891 832 1951 ita
860 1890 931 1963 sint,
959 1910 1085 1951 summa
1105 1901 1252 1952 movetur
1274 1893 1413 1973 suspicio

88 2080 91 2084 Δ
161 2014 265 2065 totam
288 2002 375 2062 illam
397 2003 439 2062 de
460 2000 613 2082 Apolline
628 2001 790 2081 Delphico
811 2021 849 2061 ac
864 2000 1053 2080 Dryopibus
1076 1999 1217 2062 fabulam
1239 2003 1414 2066 aDoribus

162 2116 294 2176 demum
317 2123 406 2173 certo
429 2111 561 2173 consilio
582 2111 692 2173 fictam
712 2131 792 2173 esse.

248 2225 318 2285 Iam
340 2243 417 2284 vero
440 2225 471 2284 in
493 2243 533 2284 eo
556 2232 663 2284 estut
684 2224 716 2283 in
739 2222 880 2283 medium
902 2222 1080 2302 proferatur
1102 2221 1142 2284 Ο.
1160 2221 1305 2284 Muelleri
1320 2223 1411 2303 (Dor.

163 2463 235 2510 bant.
264 2461 336 2508 Haec
354 2477 393 2509 res
411 2462 454 2508 nbi
471 2462 540 2509 credi
559 2471 650 2526 coepta
667 2471 712 2519 est,
732 2463 805 2511 facile
822 2462 905 2526 potuit
922 2461 974 2510 fieri
993 2471 1020 2510 ut
1035 2463 1068 2510 ad
1080 2462 1196 2511 Herculis
1214 2464 1277 2512 illud
1289 2474 1414 2514 certarnen

164 2548 296 2596 referretur
313 2556 338 2594 et
356 2562 431 2595 musa
448 2547 508 2594 belli
525 2556 681 2596 statueretur.
716 2547 775 2609 Qua
792 2548 817 2595 in
835 2564 862 2596 re
879 2563 1033 2611 quamquam
1045 2564 1132 2605 unum,
1152 2549 1222 2612 quod
1236 2549 1267 2598 ad
1279 2549 1415 2599 Herculem

164 2632 284 2680 Lindium
303 2633 452 2695 pertinebat,
472 2632 599 2681 sublatum
615 2649 669 2681 esse
687 2633 804 2687 vidimus,
825 2644 909 2682 tamen
930 2634 1041 2681 eiusdem
1059 2634 1164 2682 alterum
1183 2650 1266 2683 rursus
1283 2635 1417 2700 vestigium

151 2717 191 2766 ”tn
217 2717 260 2765 tali
283 2733 384 2780 quoque
403 2717 489 2765 fabula
508 2719 607 2766 retineri
626 2719 736 2766 videtur:
764 2734 907 2781 cognomen
926 2719 984 2768 dico
1003 2723 1173 2778 Βουθοίνας,
1194 2721 1261 2768 unde
1280 2721 1321 2769 vel
1336 2722 1416 2770 Calli·

164 2802 275 2860 machus,
297 2802 317 2848 si
336 2814 401 2849 recte
421 2804 507 2852 statuit
517 2803 666 2851 Knaackius
680 2803 778 2865 {Herm
795 2804 896 2862 XXIII,
915 2817 961 2866 133
974 2803 1034 2868 ες),
1055 2806 1080 2852 in
1097 2807 1170 2853 rebus
1181 2807 1290 2870 Dryopis
1302 2806 1416 2855 Thioda-

165 2888 257 2937 κᾶε
283 2894 308 2934 et
335 2887 451 2935 Herculis
476 2889 622 2936 enarrandis
649 2889 779 2937 exordium
807 2888 872 2938 fecit.
916 2890 1000 2938 Deum
1029 2890 1147 2938 Lindiam
1175 2891 1245 2955 quod
1270 2893 1417 2942 Lactantius

166 2965 314 3036 Βοὺζυγον
327 2981 410 3026 vocat.
425 2989 477 3020 non
490 2974 622 3030 abhorret3
636 2975 681 3022 sed
694 2976 753 3037 quia
766 2968 916 3042 Βοὺζογος,
930 2975 997 3023 idem
1010 2991 1064 3024 esse
1077 2977 1140 3024 bene
1149 2986 1233 3041 potest
1245 2979 1414 3044 Βουθοίνος,

165 3068 193 3106 nt
213 3059 312 3106 monuit
333 3059 462 3106 Maassius.
482 3088 514 3094 -
534 3060 584 3121 Qui
602 3069 678 3124 poeta
695 3060 735 3107 vel
748 3069 833 3107 auctor
851 3061 1051 3125 mythographus
1069 3063 1144 3110 talem
1162 3063 1231 3112 illam
1248 3063 1416 3112 narrationem

166 3144 262 3207 primus
291 3153 445 3192 vetustarum
472 3144 590 3192 Herculis
619 3144 761 3192 fabularum
793 3144 848 3191 orbi
878 3145 1037 3194 immiscuerit
1071 3146 1202 3196 nescimus.
1249 3147 1326 3211 Quod
1357 3165 1417 3197 vero

166 3229 283 3292 primaria
311 3229 398 3276 fabula
421 3229 521 3285 Lindia,
555 3229 581 3276 in
606 3245 656 3293 qua
678 3230 825 3294 Dryopibus
846 3231 960 3278 nondam
985 3231 1056 3279 locus
1078 3241 1139 3289 erat,
1170 3231 1239 3282 iuxta
1262 3241 1359 3282 servata
1380 3243 1417 3283 est

167 3313 223 3377 quis
244 3315 361 3363 miretur?
391 3313 430 3361 Ea
453 3313 586 3378 Apollonii
604 3314 690 3363 Rhod.
710 3315 775 3366 libro
800 3315 842 3380 qui
860 3324 965 3364 vocatur
980 3309 1078 3368 Ῥόδου
1094 3320 1190 3375 κτίσις,
1214 3317 1247 3365 ad
1268 3319 1417 3368 recentiores

167 3415 223 3447 eam
243 3399 367 3447 effluxisse
385 3399 483 3448 divinat
500 3399 647 3447 Knaackius
668 3398 696 3462 (l.
714 3401 730 3449 1.
750 3418 775 3465 p.
797 3398 866 3463 141).

252 3482 276 3548 ¹)
293 3485 417 3549 Apollod.
438 3485 473 3541 II,
496 3497 518 3546 7,
542 3497 570 3546 73
592 3484 623 3534 cl'.
641 3502 667 3549 p.
686 3498 727 3546 32,
749 3499 773 3548 3.

254 3567 276 3634 ἵ)
296 3570 361 3618 Ibid.
382 3567 471 3632 (Diod.
490 3569 536 3627 IV,
560 3568 612 3633 37).

255 3652 278 3719 3)
296 3657 370 3704 Paus.
389 3656 435 3713 IV,
455 3670 497 3718 34,
518 3668 548 3716 9;
570 3656 602 3703 de
623 3656 782 3705 dedicatione
800 3658 914 3705 conferas
931 3657 1005 3705 etiam
1023 3658 1137 3706 Servium
1154 3659 1188 3706 ad
1205 3660 1270 3709 Aen.
1289 3660 1334 3716 IV,
1354 3658 1416 3721 146;

169 3740 201 3788 de
218 3740 409 3790 transductione
428 3740 509 3789 schol.
529 3741 618 3804 Apoll.
634 3740 724 3789 ahod.
743 3740 765 3796 Ι,
788 3753 862 3798 1212,
883 3741 961 3798 1218;
982 3741 1086 3790 Suidam
1105 3760 1123 3792 s.
1142 3759 1166 3791 v.
1184 3736 1312 3811 Κάπροςς
1336 3744 1419 3805 Etyru.

168 3824 205 3875 M.
224 3841 249 3889 p.
272 3822 347 3888 154⁷,
369 3824 430 3881 28&
452 3842 498 3875 nec
513 3826 664 3874 omittuntur
681 3825 816 3888 Dryopum
834 3825 900 3872 mala
918 3825 1036 3876 facinora.

255 3908 279 3973 4)
298 3910 358 3957 Non
381 3911 440 3958 satis
464 3912 524 3958 mihi
548 3911 627 3974 liquet
649 3926 709 3957 num
734 3910 865 3958 Strabonis
888 3909 973 3973 (Vlll,
995 3910 1056 3976 373)
1083 3914 1166 3962 verbis
1189 3913 1365 3963 Aristotelicis:
1390 3912 1420 3964 ta

169 3995 225 4045 triv
244 3998 310 4061 περὶ
323 3999 483 4062 inoppino
500 3991 596 4046 τόπων
615 3987 631 4046 ὅ
637 4013 673 4046 vr
683 4013 720 4052 ας
737 3988 843 4053 αὐτοὺς
862 3994 926 4058 (scil.
939 3997 1066 4062 Dryopes)
1079 3993 1213 4066 Δρύοπος
1229 3995 1279 4050 τοῦ
1289 3993 1419 4067 Ἀρκάδος

169 4085 378 4138 κατοικίσαντος
403 4080 526 4132 ἐνταῦθα
552 4080 614 4144 (scil.
641 4081 795 4130 Hermionae
822 4091 847 4130 et
866 4080 968 4144 Asinae)
993 4082 1117 4132 indicetur
1139 4084 1293 4134 transductio
1312 4099 1420 4148 quame

170 4165 253 4213 media
273 4166 379 4214 Graecia
401 4167 427 4214 in
447 4165 648 4229 Peloponnesum
671 4165 818 4230 perpetrarit
845 4165 907 4229 (non
923 4166 1056 4224 Hercules,
1080 4167 1136 4234 sed)
1159 4169 1270 4233 Dryops.
1306 4170 1332 4219 Si
1355 4184 1420 4232 quae

170 4250 302 4310 indicatur,
336 4242 446 4299 attamen
475 4250 535 4297 inde
564 4251 597 4297 ab
624 4251 679 4314 ipso
710 4251 837 4315 Spercheo
864 4251 930 4300 facta
956 4252 987 4299 sit
1012 4268 1064 4300 non
1092 4267 1191 4302 neccsse
1209 4263 1258 4313 est;
1289 4254 1419 4319 attingitur

171 4336 294 4384 vetustior
311 4338 444 4400 Dryopum
463 4334 556 4398 patria;
577 4351 641 4398 quae
660 4336 852 4385 intercesserunt
869 4336 1027 4394 omittuntur,
1047 4353 1099 4385 non
1117 4348 1250 4401 negantur.

221 4427 349 4468 nissen.
1200 4437 1219 4484 4
