3142 4986
684 264 894 327 ..63-

162 437 241 498 tavit
280 433 404 496 Dubois
440 434 668 516 Nymphaeam
709 435 785 498 olim
826 432 1023 515 appellatam
1064 453 1134 495 esse
1168 431 1239 495 Con
1277 430 1417 494 insulam

164 548 253 628 (Plin.
276 567 306 611 n.
330 546 361 612 h.
385 546 426 621 V,
452 545 551 629 36).1)

252 675 480 738 Duodecim
503 675 578 737 Dei
607 676 692 737 haud
721 696 821 757 parva
843 675 980 737 valuisse
1002 674 1032 735 in
1055 671 1158 735 insula
1176 671 1334 740 videntur.
1381 671 1419 734 In

167 787 245 850 urbe
274 786 319 848 eis
347 806 435 848 aram
467 785 562 849 luisse
585 788 910 849 commemoravimus
932 804 1005 846 cum
1028 785 1105 846 love
1128 783 1310 847 Machaneo
1332 803 1419 846 com·

168 918 306 972 munem,
334 898 365 959 in
395 917 458 978 qua
486 899 628 979 ipsorum
659 897 844 977 sacerdos2)
874 898 992 959 mensis
1020 896 1186 958 cuiusdam
1216 894 1268 957 die
1290 895 1364 961 XII.
1387 903 1422 958 et

170 1009 246 1091 ipsis
275 1010 438 1072 incruenta
467 1030 559 1071 sacra
580 1019 613 1072 et
635 1010 704 1072 Iovi
725 1002 844 1071 bovem
867 1029 1010 1087 ovesque
1033 1006 1247 1069 immolaverit
1267 1006 1348 1087 (Pat.
1373 1027 1420 1069 nr.

172 1124 220 1200 38,
250 1123 309 1201 15).
343 1121 392 1182 At
414 1119 471 1183 fuit
493 1122 589 1183 etiam
613 1122 710 1184 aedes
733 1140 844 1182 eorum
867 1115 915 1201 (τὸ
931 1112 1174 1200 Δωδεκάθεον),
1198 1117 1251 1180 ubi
1267 1115 1422 1179 sacrificia

171 1233 281 1294 oblata
302 1240 378 1294 sunt
399 1231 562 1294 Artamitii
584 1232 635 1294 die
657 1230 728 1294 VII.
753 1231 831 1311 (Pat.
853 1252 899 1300 nr,
921 1233 986 1311 43).
1011 1267 1049 1276 -
1072 1228 1164 1292 Circa
1187 1229 1293 1291 vicum
1314 1228 1421 1310 ‘Pyli’,

172 1363 269 1422 quem
291 1343 442 1405 Patonius
461 1342 590 1405 Halenti
612 1343 709 1405 demo
732 1343 858 1418 addicit,
883 1363 945 1405 una
967 1341 1008 1404 illi
1032 1341 1220 1404 colebantur
1234 1360 1308 1403 cum
1323 1340 1424 1404 heroe

175 1453 362 1535 CharmyIn,
386 1454 491 1536 idque,
516 1454 546 1516 ni
569 1452 670 1528 fallor,
694 1475 713 1516 a
736 1453 1005 1535 Charmyleorum
1028 1453 1094 1516 sive
1117 1461 1213 1536 gente
1235 1451 1303 1513 sive
1324 1451 1425 1515 demo

174 1565 252 1644 (Pat.
276 1585 321 1627 nr.
349 1580 427 1644 349;
449 1563 490 1630 cl.
513 1585 543 1646 p.
571 1566 632 1645 15).

258 1854 386 1949 Ἡλίῳ
408 1862 467 1928 καὶ
491 1863 603 1948 Θε[οῖς
624 1863 707 1950 το]ῖς
728 1859 910 1946 συνβώμοις
932 1885 1020 1927 aram
1043 1865 1073 1925 in
1097 1863 1145 1926 Co
1168 1866 1246 1928 urbe
1268 1865 1431 1931 dedicavit

179 1968 338 2057 Ἀβδαῖος
370 1967 528 2058 Ἀβδαίου
557 1981 627 2059 Περ
644 2030 651 2044 .
668 2029 675 2043 .
692 2029 724 2044 ..
754 1976 832 2056 (Pat.
855 1996 900 2044 nr.
924 1977 987 2056 64).
1032 1977 1143 2039 Homo
1169 1985 1219 2039 est
1240 1997 1318 2040 sane
1339 1998 1430 2060 pere·

179 2087 287 2167 grinus
309 2107 347 2148 ac
370 2095 479 2167 potest
501 2086 597 2151 fuisse
619 2088 779 2165 Phoenix3
802 2096 910 2150 tamen
933 2086 1076 2168 paullum
1099 2089 1236 2150 incertus
1257 2077 1329 2151 sum
1352 2111 1429 2154 num

180 2196 290 2285 Solem
320 2199 416 2261 istum
439 2196 569 2278 Syrium
598 2201 695 2264 deum
725 2220 798 2262 cum
820 2199 954 2263 Patonio
983 2199 1100 2261 ducere
1130 2207 1289 2280 oporteat.
1333 2201 1431 2265 quta

180 2309 292 2372 saltem
322 2309 496 2373 exstabant
525 2309 609 2373 Solis
638 2332 712 2373 vere
743 2310 856 2374 Graeci
883 2331 989 2385 sacra,
1019 2329 1103 2390 quae
1131 2331 1149 2371 e
1178 2310 1298 2373 Rhodo
1327 2311 1432 2375 insula

181 2420 252 2483 Con
286 2421 439 2485 translata
470 2442 541 2485 esse
570 2422 789 2503 probaverunt
818 2421 910 2484 nobis
940 2419 1076 2485 fabulae.
1128 2420 1329 2484 Testimonio
1357 2432 1434 2487 sunt

181 2532 277 2595 etiam
300 2530 466 2594 hominurn
489 2531 632 2596 Coorum
654 2533 702 2596 VI
725 2532 790 2594 lere
812 2532 942 2594 nomina
962 2553 982 2594 a
1004 2531 1081 2595 Sole
1103 2533 1199 2596 ducta
1221 2536 1262 2614 (v.
1281 2534 1350 2598 Pat.
1368 2535 1432 2599 ind.

181 2664 212 2724 n·
237 2642 309 2723 366,
333 2645 417 2724 val·
529 2670 532 2677 ·
800 2639 801 2642 ‘
1310 2719 1313 2724 .

270 2769 395 2831 Matri
421 2770 604 2842 ¹Deorum
633 2770 820 2834 sacrificium
851 2771 1028 2833 vindicatur
1055 2772 1173 2833 mensis
1195 2771 1360 2834 cuiusdam
1382 2772 1436 2835 dic

185 2881 259 2945 XX.
288 2880 318 2941 in
341 2879 481 2943 Isthmiis
511 2879 617 2944 alteris
640 2881 738 2958 fastis
769 2903 851 2964 quos
874 2881 950 2944 item
972 2882 1014 2943 ad
1037 2881 1181 2963 publicas
1204 2903 1254 2944 res
1276 2883 1436 2964 pertinere

186 2992 236 3055 vel
267 3013 284 3054 e
316 2992 479 3056 monarchi
509 2993 639 3056 notione
670 3003 805 3075 apparet
836 2992 913 3075 (Pat.
944 3013 990 3058 nr.
1013 2995 1099 3075 402).
1144 2992 1199 3055 Ab
1228 3014 1275 3067 ea,
1305 2994 1388 3055 sicut
1416 3013 1437 3055 a

186 3103 326 3184 Phrygio
353 3104 416 3166 deo
446 3103 578 3179 Mene,
608 3105 708 3186 petita
742 3114 815 3169 sunt
845 3104 1011 3168 hominum
1040 3105 1170 3168 nomina
1199 3103 1264 3166 lere
1286 3103 1331 3166 Ill
1354 3104 1439 3185 (Pat.

186 3215 251 3280 ind.
274 3235 305 3296 p.
332 3216 413 3296 378).

273 3342 326 3405 Ex
353 3343 593 3425 Aegyptiorum
621 3345 754 3407 deorum
785 3363 918 3405 numero
949 3342 1102 3406 Osirim
1132 3352 1165 3404 et
1192 3340 1440 3423 Serapidem

189 3453 423 3516 venerabantur
448 3455 572 3536 privata
599 3455 766 3518 sodalicia:
797 3455 895 3528 illum,
928 3464 962 3516 ut
991 3455 1123 3526 videtur,
1155 3453 1186 3513 in
1216 3451 1264 3515 Co
1297 3453 1375 3516 urbe
1398 3492 1442 3503 —

190 3588 248 3628 nce
279 3566 346 3628 scio
376 3586 416 3627 an
445 3567 473 3629 ci
506 3567 559 3647 qui
588 3568 739 3629 interesse
768 3567 914 3628 dicuntur
944 3565 1058 3628 luerint
1087 3564 1181 3637 civeS,
1213 3565 1287 3644 quia
1308 3564 1442 3646 singulis

191 3677 291 3759 patris
325 3697 442 3739 nomen
476 3686 525 3739 est
557 3679 700 3740 additum
730 3678 809 3757 (Pat.
839 3697 883 3739 nr.
917 3678 984 3756 54);
1020 3675 1104 3736 hunc
1134 3673 1332 3738 Ilalasarnae
1359 3676 1441 3756 (Pat.

191 3809 236 3853 nr.
263 3804 331 3870 371,
355 3788 400 3869 b).

192 3963 395 3974 ——---

280 4065 303 4132 1)
321 4067 407 4117 Liceat
436 4066 628 4117 admouelacere
658 4064 733 4114 etiam
763 4061 883 4127 Triopica
909 4060 1086 4126 Nympharum
1116 4074 1185 4108 sacra
1217 4055 1307 4123 (schol.
1334 4059 1445 4113 Theocr.

195 4155 280 4214 XVII,
300 4151 354 4218 69).

280 4239 304 4305 θ)
323 4240 362 4290 Cs.
383 4239 482 4289 titulum
505 4238 556 4286 l‘at.
577 4254 612 4285 nr.
635 4248 680 4300 125
700 4234 849 4298 exscriptum
869 4250 893 4298 p.
913 4243 952 4295 53,
975 4245 996 4282 1.
