<?xml version="1.0" encoding="UTF-8"?>
<!DOCTYPE html PUBLIC "-//W3C//DTD XHTML 1.0 Transitional//EN"
    "http://www.w3.org/TR/xhtml1/DTD/xhtml1-transitional.dtd">
<html xmlns="http://www.w3.org/1999/xhtml" xml:lang="en" lang="en">
 <head>
  <title>
</title>
<meta http-equiv="Content-Type" content="text/html;charset=utf-8" />
  <meta name='ocr-system' content='tesseract 3.04.00' />
  <meta name='ocr-capabilities' content='ocr_page ocr_carea ocr_par ocr_line ocrx_word'/>
</head>
<body>
  <div class='ocr_page' id='page_1' title='image "./quaestionescoae00dibbgoog_0019.png"; bbox 0 0 3142 4986; ppageno 0'>
   <div class='ocr_carea' id='block_1_1' title="bbox 687 303 897 347">
    <p class='ocr_par' dir='ltr' id='par_1_1' title="bbox 687 303 897 347">
     <span class='ocr_line' id='line_1_1' title="bbox 687 303 897 347; baseline 0 -16"><span class='ocrx_word' id='word_1_1' title='bbox 687 303 897 347; x_wconf 83' lang='lat'>..12-</span> 
     </span>
    </p>
   </div>
   <div class='ocr_carea' id='block_1_2' title="bbox 164 455 1420 2425">
    <p class='ocr_par' dir='ltr' id='par_1_2' title="bbox 164 455 1420 870">
     <span class='ocr_line' id='line_1_2' title="bbox 164 455 1419 536; baseline 0.002 -18"><span class='ocrx_word' id='word_1_2' title='bbox 164 457 275 518; x_wconf 85' lang='lat' dir='ltr'>Attica</span> <span class='ocrx_word' id='word_1_3' title='bbox 303 458 432 536; x_wconf 89' lang='lat' dir='ltr'>quidem</span> <span class='ocrx_word' id='word_1_4' title='bbox 463 455 635 518; x_wconf 89' lang='lat' dir='ltr'>abhorrere</span> <span class='ocrx_word' id='word_1_5' title='bbox 665 466 720 518; x_wconf 92' lang='lat' dir='ltr'>aut</span> <span class='ocrx_word' id='word_1_6' title='bbox 741 455 987 534; x_wconf 77' lang='lat' dir='ltr'>Alcmaeonem,</span> <span class='ocrx_word' id='word_1_7' title='bbox 1019 457 1326 520; x_wconf 79' lang='lat' dir='ltr'>Alcmaeonidarum</span> <span class='ocrx_word' id='word_1_8' title='bbox 1348 478 1419 520; x_wconf 90' lang='lat' dir='ltr'>auc·</span> 
     </span>
     <span class='ocr_line' id='line_1_3' title="bbox 164 567 1419 650; baseline 0.001 -20"><span class='ocrx_word' id='word_1_9' title='bbox 164 577 285 640; x_wconf 91' lang='lat' dir='ltr'>torem,</span> <span class='ocrx_word' id='word_1_10' title='bbox 317 577 372 629; x_wconf 93' lang='lat' dir='ltr'>aut</span> <span class='ocrx_word' id='word_1_11' title='bbox 394 567 630 647; x_wconf 86' lang='lat' dir='ltr'><strong>Amphiaraum</strong></span> <span class='ocrx_word' id='word_1_12' title='bbox 654 567 828 649; x_wconf 90' lang='lat' dir='ltr'>Oropium,</span> <span class='ocrx_word' id='word_1_13' title='bbox 859 578 956 650; x_wconf 91' lang='lat' dir='ltr'>atque</span> <span class='ocrx_word' id='word_1_14' title='bbox 987 569 1083 631; x_wconf 91' lang='lat' dir='ltr'>etiam</span> <span class='ocrx_word' id='word_1_15' title='bbox 1106 568 1274 650; x_wconf 89' lang='lat' dir='ltr'>Psophidis</span> <span class='ocrx_word' id='word_1_16' title='bbox 1301 590 1419 632; x_wconf 92' lang='lat' dir='ltr'>nomen</span> 
     </span>
     <span class='ocr_line' id='line_1_4' title="bbox 166 678 1420 761; baseline 0.002 -21"><span class='ocrx_word' id='word_1_17' title='bbox 166 679 373 759; x_wconf 84' lang='lat' dir='ltr'>redintegrari</span> <span class='ocrx_word' id='word_1_18' title='bbox 396 679 427 739; x_wconf 92' lang='lat' dir='ltr'>in</span> <span class='ocrx_word' id='word_1_19' title='bbox 450 678 560 740; x_wconf 88' lang='lat' dir='ltr'>Attica</span> <span class='ocrx_word' id='word_1_20' title='bbox 582 679 774 760; x_wconf 79' lang='lat' dir='ltr'>Psaphide1)</span> <span class='ocrx_word' id='word_1_21' title='bbox 795 700 898 760; x_wconf 87' lang='lat' dir='ltr'>prope</span> <span class='ocrx_word' id='word_1_22' title='bbox 920 679 1068 761; x_wconf 88' lang='lat' dir='ltr'>Oropum</span> <span class='ocrx_word' id='word_1_23' title='bbox 1090 681 1159 744; x_wconf 91' lang='lat' dir='ltr'>sita.</span> <span class='ocrx_word' id='word_1_24' title='bbox 1195 680 1232 742; x_wconf 92' lang='lat' dir='ltr'>In</span> <span class='ocrx_word' id='word_1_25' title='bbox 1254 682 1302 742; x_wconf 91' lang='lat' dir='ltr'>his</span> <span class='ocrx_word' id='word_1_26' title='bbox 1325 680 1420 761; x_wconf 86' lang='lat' dir='ltr'>igitur</span> 
     </span>
     <span class='ocr_line' id='line_1_5' title="bbox 166 788 949 870; baseline 0.003 -20"><span class='ocrx_word' id='word_1_27' title='bbox 166 789 261 851; x_wconf 93' lang='lat' dir='ltr'>rebus</span> <span class='ocrx_word' id='word_1_28' title='bbox 281 789 552 870; x_wconf 89' lang='lat' dir='ltr'>Peloponnesiaca</span> <span class='ocrx_word' id='word_1_29' title='bbox 576 788 673 869; x_wconf 86' lang='lat' dir='ltr'>Clytii</span> <span class='ocrx_word' id='word_1_30' title='bbox 697 791 791 851; x_wconf 88' lang='lat' dir='ltr'>sedes</span> <span class='ocrx_word' id='word_1_31' title='bbox 814 799 949 852; x_wconf 89' lang='lat' dir='ltr'>constat.</span> 
     </span>
    </p>

    <p class='ocr_par' dir='ltr' id='par_1_3' title="bbox 164 898 1419 1424">
     <span class='ocr_line' id='line_1_6' title="bbox 248 898 1417 982; baseline 0.003 -21"><span class='ocrx_word' id='word_1_32' title='bbox 248 898 361 981; x_wconf 87' lang='lat' dir='ltr'><strong>Atque</strong></span> <span class='ocrx_word' id='word_1_33' title='bbox 393 901 493 962; x_wconf 64' lang='lat' dir='ltr'>etiam¹</span> <span class='ocrx_word' id='word_1_34' title='bbox 518 901 708 963; x_wconf 80' lang='lat' dir='ltr'>remotiores</span> <span class='ocrx_word' id='word_1_35' title='bbox 739 902 898 980; x_wconf 85' lang='lat' dir='ltr'>quaedam</span> <span class='ocrx_word' id='word_1_36' title='bbox 928 911 960 963; x_wconf 91' lang='lat' dir='ltr'>et</span> <span class='ocrx_word' id='word_1_37' title='bbox 983 901 1080 982; x_wconf 89' lang='lat' dir='ltr'>Clytii</span> <span class='ocrx_word' id='word_1_38' title='bbox 1111 911 1143 964; x_wconf 90' lang='lat' dir='ltr'>et</span> <span class='ocrx_word' id='word_1_39' title='bbox 1166 900 1292 982; x_wconf 91' lang='lat' dir='ltr'>Clytiae</span> <span class='ocrx_word' id='word_1_40' title='bbox 1315 904 1417 976; x_wconf 76' lang='lat' dir='ltr'>sedeS,</span> 
     </span>
     <span class='ocr_line' id='line_1_7' title="bbox 165 1011 1419 1094; baseline 0.001 -21"><span class='ocrx_word' id='word_1_41' title='bbox 165 1012 190 1074; x_wconf 91' lang='lat' dir='ltr'>si</span> <span class='ocrx_word' id='word_1_42' title='bbox 220 1031 285 1072; x_wconf 93' lang='lat' dir='ltr'>non</span> <span class='ocrx_word' id='word_1_43' title='bbox 315 1032 443 1084; x_wconf 80' lang='lat' dir='ltr'>omneS‚</span> <span class='ocrx_word' id='word_1_44' title='bbox 475 1022 584 1074; x_wconf 88' lang='lat' dir='ltr'>tamen</span> <span class='ocrx_word' id='word_1_45' title='bbox 614 1012 722 1092; x_wconf 91' lang='lat' dir='ltr'>plures</span> <span class='ocrx_word' id='word_1_46' title='bbox 751 1011 825 1074; x_wconf 92' lang='lat' dir='ltr'>illuc</span> <span class='ocrx_word' id='word_1_47' title='bbox 855 1013 998 1076; x_wconf 90' lang='lat' dir='ltr'>redeunt.</span> <span class='ocrx_word' id='word_1_48' title='bbox 1045 1011 1188 1074; x_wconf 87' lang='lat' dir='ltr'>Corinthi</span> <span class='ocrx_word' id='word_1_49' title='bbox 1216 1024 1249 1075; x_wconf 95' lang='lat' dir='ltr'>et</span> <span class='ocrx_word' id='word_1_50' title='bbox 1271 1013 1419 1094; x_wconf 89' lang='lat' dir='ltr'>Sicyonis</span> 
     </span>
     <span class='ocr_line' id='line_1_8' title="bbox 164 1121 1418 1204; baseline 0.002 -22"><span class='ocrx_word' id='word_1_51' title='bbox 164 1122 315 1184; x_wconf 83' lang='lat' dir='ltr'>vicinitati</span> <span class='ocrx_word' id='word_1_52' title='bbox 349 1123 574 1184; x_wconf 88' lang='lat' dir='ltr'>verisimillime</span> <span class='ocrx_word' id='word_1_53' title='bbox 607 1124 797 1184; x_wconf 88' lang='lat' dir='ltr'>vindicanda</span> <span class='ocrx_word' id='word_1_54' title='bbox 830 1132 878 1184; x_wconf 91' lang='lat' dir='ltr'>est</span> <span class='ocrx_word' id='word_1_55' title='bbox 908 1121 1016 1202; x_wconf 90' lang='lat' dir='ltr'>Clytia</span> <span class='ocrx_word' id='word_1_56' title='bbox 1046 1144 1129 1204; x_wconf 89' lang='lat' dir='ltr'>quae</span> <span class='ocrx_word' id='word_1_57' title='bbox 1160 1123 1244 1186; x_wconf 89' lang='lat' dir='ltr'>Solis</span> <span class='ocrx_word' id='word_1_58' title='bbox 1274 1144 1418 1186; x_wconf 89' lang='lat' dir='ltr'>amorem</span> 
     </span>
     <span class='ocr_line' id='line_1_9' title="bbox 164 1232 1419 1315; baseline 0.002 -21"><span class='ocrx_word' id='word_1_59' title='bbox 164 1234 314 1314; x_wconf 90' lang='lat' dir='ltr'>petivisse</span> <span class='ocrx_word' id='word_1_60' title='bbox 337 1232 435 1296; x_wconf 85' lang='lat' dir='ltr'>fertur</span> <span class='ocrx_word' id='word_1_61' title='bbox 458 1232 565 1314; x_wconf 86' lang='lat' dir='ltr'>(Ovid.</span> <span class='ocrx_word' id='word_1_62' title='bbox 590 1244 720 1302; x_wconf 83' lang='lat' dir='ltr'>metam.</span> <span class='ocrx_word' id='word_1_63' title='bbox 736 1233 794 1309; x_wconf 88' lang='lat' dir='ltr'>IV,</span> <span class='ocrx_word' id='word_1_64' title='bbox 811 1235 873 1296; x_wconf 86' lang='lat'>206</span> <span class='ocrx_word' id='word_1_65' title='bbox 888 1236 961 1315; x_wconf 80' lang='lat' dir='ltr'>sq.).</span> <span class='ocrx_word' id='word_1_66' title='bbox 1000 1234 1084 1296; x_wconf 92' lang='lat' dir='ltr'>Nam</span> <span class='ocrx_word' id='word_1_67' title='bbox 1100 1236 1181 1296; x_wconf 88' lang='lat' dir='ltr'>inter</span> <span class='ocrx_word' id='word_1_68' title='bbox 1195 1234 1419 1296; x_wconf 89' lang='lat' dir='ltr'>celeberrimas</span> 
     </span>
     <span class='ocr_line' id='line_1_10' title="bbox 164 1344 655 1424; baseline 0.002 -19"><span class='ocrx_word' id='word_1_69' title='bbox 164 1344 215 1406; x_wconf 92' lang='lat' dir='ltr'>dei</span> <span class='ocrx_word' id='word_1_70' title='bbox 238 1345 331 1406; x_wconf 93' lang='lat' dir='ltr'>sedes</span> <span class='ocrx_word' id='word_1_71' title='bbox 355 1344 407 1405; x_wconf 91' lang='lat' dir='ltr'>illa</span> <span class='ocrx_word' id='word_1_72' title='bbox 430 1345 519 1424; x_wconf 86' lang='lat' dir='ltr'>regio</span> <span class='ocrx_word' id='word_1_73' title='bbox 543 1354 611 1406; x_wconf 90' lang='lat' dir='ltr'>erat</span> <span class='ocrx_word' id='word_1_74' title='bbox 620 1345 655 1424; x_wconf 69' lang='grc'>2).</span> 
     </span>
    </p>

    <p class='ocr_par' dir='ltr' id='par_1_4' title="bbox 164 1454 1418 1980">
     <span class='ocr_line' id='line_1_11' title="bbox 249 1454 1418 1536; baseline 0.003 -20"><span class='ocrx_word' id='word_1_75' title='bbox 249 1455 402 1516; x_wconf 89' lang='lat' dir='ltr'>Pandarei</span> <span class='ocrx_word' id='word_1_76' title='bbox 419 1454 580 1517; x_wconf 85' lang='lat' dir='ltr'>Cretensis</span> <span class='ocrx_word' id='word_1_77' title='bbox 603 1454 685 1516; x_wconf 86' lang='lat' dir='ltr'>filiae</span> <span class='ocrx_word' id='word_1_78' title='bbox 707 1456 794 1536; x_wconf 92' lang='lat' dir='ltr'>apud</span> <span class='ocrx_word' id='word_1_79' title='bbox 809 1456 942 1520; x_wconf 87' lang='lat' dir='ltr'>Pausan.</span> <span class='ocrx_word' id='word_1_80' title='bbox 960 1456 999 1527; x_wconf 89' lang='lat' dir='ltr'>X,</span> <span class='ocrx_word' id='word_1_81' title='bbox 1019 1473 1068 1534; x_wconf 84' lang='lat'>30,</span> <span class='ocrx_word' id='word_1_82' title='bbox 1087 1473 1104 1516; x_wconf 86' lang='lat'>2</span> <span class='ocrx_word' id='word_1_83' title='bbox 1123 1469 1418 1519; x_wconf 87' lang='lat' dir='ltr'>commemorantur</span> 
     </span>
     <span class='ocr_line' id='line_1_12' title="bbox 165 1564 1416 1647; baseline 0.002 -20"><span class='ocrx_word' id='word_1_84' title='bbox 165 1564 294 1628; x_wconf 89' lang='lat' dir='ltr'>Camiro</span> <span class='ocrx_word' id='word_1_85' title='bbox 325 1575 357 1627; x_wconf 90' lang='lat' dir='ltr'>et</span> <span class='ocrx_word' id='word_1_86' title='bbox 383 1565 505 1646; x_wconf 85' lang='lat' dir='ltr'>Clytia;</span> <span class='ocrx_word' id='word_1_87' title='bbox 535 1587 553 1627; x_wconf 95' lang='lat' dir='ltr'>e</span> <span class='ocrx_word' id='word_1_88' title='bbox 584 1567 700 1647; x_wconf 94' lang='lat' dir='ltr'>quibus</span> <span class='ocrx_word' id='word_1_89' title='bbox 730 1567 811 1628; x_wconf 88' lang='lat' dir='ltr'>sicut</span> <span class='ocrx_word' id='word_1_90' title='bbox 840 1567 893 1628; x_wconf 89' lang='lat' dir='ltr'>illa</span> <span class='ocrx_word' id='word_1_91' title='bbox 923 1567 1089 1630; x_wconf 78' lang='lat' dir='ltr'>manifeste</span> <span class='ocrx_word' id='word_1_92' title='bbox 1120 1567 1254 1630; x_wconf 88' lang='lat' dir='ltr'>Rhodiis</span> <span class='ocrx_word' id='word_1_93' title='bbox 1286 1569 1416 1630; x_wconf 91' lang='lat' dir='ltr'>demum</span> 
     </span>
     <span class='ocr_line' id='line_1_13' title="bbox 164 1676 1417 1759; baseline 0.002 -23"><span class='ocrx_word' id='word_1_94' title='bbox 164 1676 307 1750; x_wconf 90' lang='lat' dir='ltr'>debetur,</span> <span class='ocrx_word' id='word_1_95' title='bbox 332 1676 375 1737; x_wconf 92' lang='lat' dir='ltr'>ita</span> <span class='ocrx_word' id='word_1_96' title='bbox 398 1677 489 1738; x_wconf 93' lang='lat' dir='ltr'>huius</span> <span class='ocrx_word' id='word_1_97' title='bbox 512 1678 653 1758; x_wconf 89' lang='lat' dir='ltr'>perbene</span> <span class='ocrx_word' id='word_1_98' title='bbox 676 1687 786 1758; x_wconf 91' lang='lat' dir='ltr'>potest</span> <span class='ocrx_word' id='word_1_99' title='bbox 808 1679 911 1758; x_wconf 85' lang='lat' dir='ltr'>patria</span> <span class='ocrx_word' id='word_1_100' title='bbox 934 1677 1028 1740; x_wconf 80' lang='lat' dir='ltr'>luisse</span> <span class='ocrx_word' id='word_1_101' title='bbox 1053 1677 1191 1759; x_wconf 89' lang='lat' dir='ltr'>Sicyon;</span> <span class='ocrx_word' id='word_1_102' title='bbox 1214 1700 1288 1741; x_wconf 92' lang='lat' dir='ltr'>nam</span> <span class='ocrx_word' id='word_1_103' title='bbox 1308 1678 1417 1758; x_wconf 88' lang='lat' dir='ltr'>Sicyo-</span> 
     </span>
     <span class='ocr_line' id='line_1_14' title="bbox 165 1787 1417 1866; baseline 0.002 -19"><span class='ocrx_word' id='word_1_104' title='bbox 165 1787 289 1848; x_wconf 91' lang='lat' dir='ltr'>niorum</span> <span class='ocrx_word' id='word_1_105' title='bbox 321 1807 396 1866; x_wconf 87' lang='lat' dir='ltr'>pars</span> <span class='ocrx_word' id='word_1_106' title='bbox 429 1789 489 1849; x_wconf 94' lang='lat' dir='ltr'>sub</span> <span class='ocrx_word' id='word_1_107' title='bbox 521 1789 695 1850; x_wconf 90' lang='lat' dir='ltr'>adventum</span> <span class='ocrx_word' id='word_1_108' title='bbox 730 1788 973 1850; x_wconf 86' lang='lat' dir='ltr'>Heraclidarum</span> <span class='ocrx_word' id='word_1_109' title='bbox 1008 1789 1198 1862; x_wconf 91' lang='lat' dir='ltr'>Phaestum,</span> <span class='ocrx_word' id='word_1_110' title='bbox 1237 1789 1268 1850; x_wconf 92' lang='lat' dir='ltr'>in</span> <span class='ocrx_word' id='word_1_111' title='bbox 1302 1788 1417 1850; x_wconf 89' lang='lat' dir='ltr'>Cretae</span> 
     </span>
     <span class='ocr_line' id='line_1_15' title="bbox 165 1897 856 1980; baseline 0.003 -21"><span class='ocrx_word' id='word_1_112' title='bbox 165 1897 286 1972; x_wconf 90' lang='lat' dir='ltr'>urbem,</span> <span class='ocrx_word' id='word_1_113' title='bbox 310 1899 548 1979; x_wconf 85' lang='lat' dir='ltr'>transmigravit</span> <span class='ocrx_word' id='word_1_114' title='bbox 571 1900 674 1978; x_wconf 84' lang='lat' dir='ltr'>(Paus</span> <span class='ocrx_word' id='word_1_115' title='bbox 699 1900 737 1973; x_wconf 89' lang='lat' dir='ltr'>II,</span> <span class='ocrx_word' id='word_1_116' title='bbox 762 1901 791 1974; x_wconf 86' lang='lat'>6,</span> <span class='ocrx_word' id='word_1_117' title='bbox 816 1903 856 1980; x_wconf 88' lang='lat'>7).</span> 
     </span>
    </p>

    <p class='ocr_par' dir='ltr' id='par_1_5' title="bbox 164 2009 1418 2425">
     <span class='ocr_line' id='line_1_16' title="bbox 250 2009 1417 2092; baseline 0.003 -23"><span class='ocrx_word' id='word_1_118' title='bbox 250 2009 442 2071; x_wconf 90' lang='lat' dir='ltr'>Mercurium</span> <span class='ocrx_word' id='word_1_119' title='bbox 473 2031 490 2071; x_wconf 92' lang='lat' dir='ltr'>e</span> <span class='ocrx_word' id='word_1_120' title='bbox 523 2009 629 2091; x_wconf 89' lang='lat' dir='ltr'>Clytia</span> <span class='ocrx_word' id='word_1_121' title='bbox 664 2010 764 2072; x_wconf 90' lang='lat' dir='ltr'>filium</span> <span class='ocrx_word' id='word_1_122' title='bbox 796 2012 1016 2092; x_wconf 89' lang='lat' dir='ltr'>procreavisse</span> <span class='ocrx_word' id='word_1_123' title='bbox 1049 2011 1227 2091; x_wconf 85' lang='lat' dir='ltr'>Myrtilum,</span> <span class='ocrx_word' id='word_1_124' title='bbox 1259 2011 1417 2074; x_wconf 86' lang='lat' dir='ltr'>Oenomai</span> 
     </span>
     <span class='ocr_line' id='line_1_17' title="bbox 164 2119 1418 2203; baseline 0.002 -22"><span class='ocrx_word' id='word_1_125' title='bbox 164 2119 253 2181; x_wconf 91' lang='lat' dir='ltr'>illum</span> <span class='ocrx_word' id='word_1_126' title='bbox 276 2122 428 2200; x_wconf 85' lang='lat' dir='ltr'>aurigam,</span> <span class='ocrx_word' id='word_1_127' title='bbox 458 2121 564 2184; x_wconf 85' lang='lat' dir='ltr'>sabula</span> <span class='ocrx_word' id='word_1_128' title='bbox 587 2132 637 2184; x_wconf 90' lang='lat' dir='ltr'>est</span> <span class='ocrx_word' id='word_1_129' title='bbox 660 2125 747 2203; x_wconf 91' lang='lat' dir='ltr'>apud</span> <span class='ocrx_word' id='word_1_130' title='bbox 769 2124 937 2203; x_wconf 83' lang='lat' dir='ltr'>Hyginum</span> <span class='ocrx_word' id='word_1_131' title='bbox 960 2132 1079 2188; x_wconf 91' lang='lat' dir='ltr'>astron.</span> <span class='ocrx_word' id='word_1_132' title='bbox 1102 2123 1140 2196; x_wconf 88' lang='lat' dir='ltr'>II,</span> <span class='ocrx_word' id='word_1_133' title='bbox 1170 2140 1216 2200; x_wconf 86' lang='lat'>13.</span> <span class='ocrx_word' id='word_1_134' title='bbox 1262 2123 1314 2184; x_wconf 86' lang='lat' dir='ltr'>Ac</span> <span class='ocrx_word' id='word_1_135' title='bbox 1338 2124 1418 2185; x_wconf 92' lang='lat' dir='ltr'>Mer-</span> 
     </span>
     <span class='ocr_line' id='line_1_18' title="bbox 164 2232 1418 2315; baseline 0.002 -23"><span class='ocrx_word' id='word_1_136' title='bbox 164 2233 268 2293; x_wconf 89' lang='lat' dir='ltr'>curius</span> <span class='ocrx_word' id='word_1_137' title='bbox 299 2232 514 2312; x_wconf 91' lang='lat' dir='ltr'>Myrtilusque</span> <span class='ocrx_word' id='word_1_138' title='bbox 545 2243 774 2296; x_wconf 88' lang='lat' dir='ltr'>concurrerunt</span> <span class='ocrx_word' id='word_1_139' title='bbox 805 2235 846 2296; x_wconf 86' lang='lat' dir='ltr'>ad</span> <span class='ocrx_word' id='word_1_140' title='bbox 877 2232 1035 2313; x_wconf 89' lang='lat' dir='ltr'>Cyllenen</span> <span class='ocrx_word' id='word_1_141' title='bbox 1069 2242 1230 2307; x_wconf 85' lang='lat' dir='ltr'>montem,</span> <span class='ocrx_word' id='word_1_142' title='bbox 1265 2236 1296 2295; x_wconf 92' lang='lat' dir='ltr'>id</span> <span class='ocrx_word' id='word_1_143' title='bbox 1330 2235 1418 2315; x_wconf 94' lang='lat' dir='ltr'>quod</span> 
     </span>
     <span class='ocr_line' id='line_1_19' title="bbox 164 2343 1417 2425; baseline 0.002 -22"><span class='ocrx_word' id='word_1_144' title='bbox 164 2343 237 2404; x_wconf 91' lang='lat' dir='ltr'>inde</span> <span class='ocrx_word' id='word_1_145' title='bbox 259 2343 414 2423; x_wconf 91' lang='lat' dir='ltr'>probatur</span> <span class='ocrx_word' id='word_1_146' title='bbox 436 2346 524 2425; x_wconf 91' lang='lat' dir='ltr'>quod</span> <span class='ocrx_word' id='word_1_147' title='bbox 545 2344 637 2406; x_wconf 93' lang='lat' dir='ltr'>huius</span> <span class='ocrx_word' id='word_1_148' title='bbox 657 2345 762 2407; x_wconf 89' lang='lat' dir='ltr'>herois</span> <span class='ocrx_word' id='word_1_149' title='bbox 780 2348 935 2406; x_wconf 86' lang='lat' dir='ltr'>memoria</span> <span class='ocrx_word' id='word_1_150' title='bbox 950 2345 1090 2406; x_wconf 90' lang='lat' dir='ltr'>maxime</span> <span class='ocrx_word' id='word_1_151' title='bbox 1106 2344 1232 2416; x_wconf 90' lang='lat' dir='ltr'>Phenei,</span> <span class='ocrx_word' id='word_1_152' title='bbox 1256 2344 1417 2406; x_wconf 86' lang='lat' dir='ltr'>Arcadiae</span> 
     </span>
    </p>
   </div>
   <div class='ocr_carea' id='block_1_3' title="bbox 162 2454 1419 2759">
    <p class='ocr_par' dir='ltr' id='par_1_6' title="bbox 162 2454 1419 2759">
     <span class='ocr_line' id='line_1_20' title="bbox 162 2454 1414 2538; baseline 0.002 -23"><span class='ocrx_word' id='word_1_153' title='bbox 162 2455 193 2516; x_wconf 92' lang='lat' dir='ltr'>in</span> <span class='ocrx_word' id='word_1_154' title='bbox 226 2456 304 2517; x_wconf 92' lang='lat' dir='ltr'>urbe</span> <span class='ocrx_word' id='word_1_155' title='bbox 338 2454 493 2534; x_wconf 89' lang='lat' dir='ltr'>Cyllenae</span> <span class='ocrx_word' id='word_1_156' title='bbox 526 2456 691 2535; x_wconf 87' lang='lat' dir='ltr'>proxima,</span> <span class='ocrx_word' id='word_1_157' title='bbox 724 2455 910 2518; x_wconf 89' lang='lat' dir='ltr'>servabatur</span> <span class='ocrx_word' id='word_1_158' title='bbox 944 2456 1045 2538; x_wconf 90' lang='lat' dir='ltr'>(Paus.</span> <span class='ocrx_word' id='word_1_159' title='bbox 1077 2455 1173 2529; x_wconf 89' lang='lat' dir='ltr'>VIII,</span> <span class='ocrx_word' id='word_1_160' title='bbox 1202 2471 1254 2532; x_wconf 86' lang='lat'>14,</span> <span class='ocrx_word' id='word_1_161' title='bbox 1284 2472 1320 2516; x_wconf 87' lang='lat'>10</span> <span class='ocrx_word' id='word_1_162' title='bbox 1343 2455 1414 2536; x_wconf 88' lang='lat' dir='ltr'>sq.).</span> 
     </span>
     <span class='ocr_line' id='line_1_21' title="bbox 163 2564 1374 2647; baseline 0.002 -21"><span class='ocrx_word' id='word_1_163' title='bbox 163 2566 296 2627; x_wconf 91' lang='lat' dir='ltr'>Iamiam</span> <span class='ocrx_word' id='word_1_164' title='bbox 319 2564 460 2645; x_wconf 87' lang='lat' dir='ltr'>Clytiam</span> <span class='ocrx_word' id='word_1_165' title='bbox 483 2586 613 2646; x_wconf 90' lang='lat' dir='ltr'>quoque</span> <span class='ocrx_word' id='word_1_166' title='bbox 637 2567 756 2628; x_wconf 92' lang='lat' dir='ltr'>eisdem</span> <span class='ocrx_word' id='word_1_167' title='bbox 781 2566 846 2628; x_wconf 88' lang='lat' dir='ltr'>fere</span> <span class='ocrx_word' id='word_1_168' title='bbox 869 2567 1052 2647; x_wconf 85' lang='lat' dir='ltr'>regionibus</span> <span class='ocrx_word' id='word_1_169' title='bbox 1074 2567 1234 2628; x_wconf 89' lang='lat' dir='ltr'>vindicare</span> <span class='ocrx_word' id='word_1_170' title='bbox 1257 2567 1374 2646; x_wconf 71' lang='lat' dir='ltr'>licet3).</span> 
     </span>
     <span class='ocr_line' id='line_1_22' title="bbox 249 2675 1419 2759; baseline 0.003 -22"><span class='ocrx_word' id='word_1_171' title='bbox 249 2675 379 2738; x_wconf 89' lang='lat' dir='ltr'>Troiani</span> <span class='ocrx_word' id='word_1_172' title='bbox 409 2687 483 2738; x_wconf 92' lang='lat' dir='ltr'>sunt</span> <span class='ocrx_word' id='word_1_173' title='bbox 510 2675 636 2756; x_wconf 92' lang='lat' dir='ltr'>Clytius</span> <span class='ocrx_word' id='word_1_174' title='bbox 665 2676 747 2738; x_wconf 87' lang='lat' dir='ltr'>filius</span> <span class='ocrx_word' id='word_1_175' title='bbox 776 2677 1008 2740; x_wconf 91' lang='lat' dir='ltr'>Laomedontis</span> <span class='ocrx_word' id='word_1_176' title='bbox 1038 2677 1085 2758; x_wconf 90' lang='lat' dir='ltr'>(Il.</span> <span class='ocrx_word' id='word_1_177' title='bbox 1109 2677 1181 2752; x_wconf 87' lang='lat' dir='ltr'>XX,</span> <span class='ocrx_word' id='word_1_178' title='bbox 1207 2680 1295 2758; x_wconf 83' lang='lat'>238);</span> <span class='ocrx_word' id='word_1_179' title='bbox 1327 2688 1419 2759; x_wconf 91' lang='lat' dir='ltr'>pater</span> 
     </span>
    </p>
   </div>
   <div class='ocr_carea' id='block_1_4' title="bbox 163 2949 1424 4300">
    <p class='ocr_par' dir='ltr' id='par_1_7' title="bbox 250 2949 852 3015">
     <span class='ocr_line' id='line_1_23' title="bbox 250 2949 852 3015; baseline 0.005 -16"><span class='ocrx_word' id='word_1_180' title='bbox 250 2949 272 3015; x_wconf 86' lang='grc'>1)</span> <span class='ocrx_word' id='word_1_181' title='bbox 293 2951 331 3000; x_wconf 92' lang='lat' dir='ltr'>Cs.</span> <span class='ocrx_word' id='word_1_182' title='bbox 353 2951 573 3001; x_wconf 87' lang='lat' dir='ltr'>Wilamowitziurn</span> <span class='ocrx_word' id='word_1_183' title='bbox 594 2953 681 3003; x_wconf 89' lang='lat' dir='ltr'>Herm.</span> <span class='ocrx_word' id='word_1_184' title='bbox 700 2953 773 3013; x_wconf 81' lang='lat' dir='ltr'>XXI,</span> <span class='ocrx_word' id='word_1_185' title='bbox 797 2953 852 3002; x_wconf 86' lang='lat'>108.</span> 
     </span>
    </p>

    <p class='ocr_par' dir='ltr' id='par_1_8' title="bbox 165 3034 1420 3274">
     <span class='ocr_line' id='line_1_24' title="bbox 250 3034 1420 3104; baseline 0.001 -19"><span class='ocrx_word' id='word_1_186' title='bbox 250 3035 273 3103; x_wconf 74' lang='lat'>²)</span> <span class='ocrx_word' id='word_1_187' title='bbox 292 3038 323 3086; x_wconf 86' lang='lat' dir='ltr'>in</span> <span class='ocrx_word' id='word_1_188' title='bbox 341 3038 378 3087; x_wconf 96' lang='lat' dir='ltr'>Co</span> <span class='ocrx_word' id='word_1_189' title='bbox 400 3038 463 3102; x_wconf 86' lang='lat' dir='ltr'>ipsa¹</span> <span class='ocrx_word' id='word_1_190' title='bbox 485 3039 517 3086; x_wconf 92' lang='lat' dir='ltr'>de</span> <span class='ocrx_word' id='word_1_191' title='bbox 535 3054 585 3103; x_wconf 90' lang='lat' dir='ltr'>qua</span> <span class='ocrx_word' id='word_1_192' title='bbox 603 3039 667 3088; x_wconf 84' lang='lat' dir='ltr'>sorte</span> <span class='ocrx_word' id='word_1_193' title='bbox 686 3040 740 3104; x_wconf 92' lang='lat' dir='ltr'>quis</span> <span class='ocrx_word' id='word_1_194' title='bbox 759 3040 883 3104; x_wconf 86' lang='lat' dir='ltr'>cogitarit,</span> <span class='ocrx_word' id='word_1_195' title='bbox 912 3040 974 3088; x_wconf 89' lang='lat' dir='ltr'>tales</span> <span class='ocrx_word' id='word_1_196' title='bbox 992 3048 1075 3104; x_wconf 89' lang='lat' dir='ltr'>partes</span> <span class='ocrx_word' id='word_1_197' title='bbox 1093 3049 1163 3088; x_wconf 89' lang='lat' dir='ltr'>erant</span> <span class='ocrx_word' id='word_1_198' title='bbox 1182 3034 1325 3102; x_wconf 87' lang='lat' dir='ltr'>Clymenae.</span> <span class='ocrx_word' id='word_1_199' title='bbox 1362 3039 1420 3101; x_wconf 91' lang='lat' dir='ltr'>Qua</span> 
     </span>
     <span class='ocr_line' id='line_1_25' title="bbox 165 3123 1419 3190; baseline 0 -18"><span class='ocrx_word' id='word_1_200' title='bbox 165 3124 228 3173; x_wconf 91' lang='lat' dir='ltr'>mira</span> <span class='ocrx_word' id='word_1_201' title='bbox 255 3124 352 3172; x_wconf 90' lang='lat' dir='ltr'>ratione</span> <span class='ocrx_word' id='word_1_202' title='bbox 379 3123 427 3171; x_wconf 91' lang='lat' dir='ltr'>sibi</span> <span class='ocrx_word' id='word_1_203' title='bbox 453 3124 623 3188; x_wconf 83' lang='lat' dir='ltr'>respondeant</span> <span class='ocrx_word' id='word_1_204' title='bbox 649 3125 716 3174; x_wconf 89' lang='lat' dir='ltr'>Solis</span> <span class='ocrx_word' id='word_1_205' title='bbox 739 3126 823 3189; x_wconf 86' lang='lat' dir='ltr'>Clytia</span> <span class='ocrx_word' id='word_1_206' title='bbox 848 3133 872 3173; x_wconf 93' lang='lat' dir='ltr'>et</span> <span class='ocrx_word' id='word_1_207' title='bbox 900 3125 966 3174; x_wconf 90' lang='lat' dir='ltr'>Solis</span> <span class='ocrx_word' id='word_1_208' title='bbox 991 3125 1111 3189; x_wconf 90' lang='lat' dir='ltr'>Clymene</span> <span class='ocrx_word' id='word_1_209' title='bbox 1134 3126 1211 3190; x_wconf 91' lang='lat' dir='ltr'>paulo</span> <span class='ocrx_word' id='word_1_210' title='bbox 1238 3124 1340 3174; x_wconf 81' lang='lat' dir='ltr'>inferius</span> <span class='ocrx_word' id='word_1_211' title='bbox 1364 3141 1419 3188; x_wconf 94' lang='lat' dir='ltr'>per·</span> 
     </span>
     <span class='ocr_line' id='line_1_26' title="bbox 165 3209 292 3274; baseline 0.008 -17"><span class='ocrx_word' id='word_1_212' title='bbox 165 3209 292 3274; x_wconf 90' lang='lat' dir='ltr'>spicietur.</span> 
     </span>
    </p>

    <p class='ocr_par' dir='ltr' id='par_1_9' title="bbox 163 3292 1424 4300">
     <span class='ocr_line' id='line_1_27' title="bbox 250 3292 1420 3360; baseline -0.001 -17"><span class='ocrx_word' id='word_1_213' title='bbox 250 3292 272 3359; x_wconf 79' lang='lat'>³)</span> <span class='ocrx_word' id='word_1_214' title='bbox 292 3296 360 3344; x_wconf 92' lang='lat' dir='ltr'>Hinc</span> <span class='ocrx_word' id='word_1_215' title='bbox 378 3295 495 3344; x_wconf 88' lang='lat' dir='ltr'>Mercurii</span> <span class='ocrx_word' id='word_1_216' title='bbox 515 3294 660 3360; x_wconf 84' lang='lat' dir='ltr'>Clytiaeque</span> <span class='ocrx_word' id='word_1_217' title='bbox 685 3311 763 3344; x_wconf 87' lang='lat' dir='ltr'>nexus</span> <span class='ocrx_word' id='word_1_218' title='bbox 787 3295 848 3344; x_wconf 88' lang='lat' dir='ltr'>alias</span> <span class='ocrx_word' id='word_1_219' title='bbox 871 3304 1027 3359; x_wconf 84' lang='lat' dir='ltr'>propagatus</span> <span class='ocrx_word' id='word_1_220' title='bbox 1045 3311 1099 3344; x_wconf 89' lang='lat' dir='ltr'>esse</span> <span class='ocrx_word' id='word_1_221' title='bbox 1116 3296 1222 3344; x_wconf 89' lang='lat' dir='ltr'>videtur.</span> <span class='ocrx_word' id='word_1_222' title='bbox 1259 3296 1335 3357; x_wconf 91' lang='lat' dir='ltr'>Quod</span> <span class='ocrx_word' id='word_1_223' title='bbox 1353 3295 1420 3344; x_wconf 92' lang='lat' dir='ltr'>enim</span> 
     </span>
     <span class='ocr_line' id='line_1_28' title="bbox 165 3370 1420 3446; baseline 0.002 -20"><span class='ocrx_word' id='word_1_224' title='bbox 165 3379 304 3443; x_wconf 88' lang='lat' dir='ltr'>Hipponax</span> <span class='ocrx_word' id='word_1_225' title='bbox 322 3381 421 3445; x_wconf 91' lang='lat' dir='ltr'>saepius</span> <span class='ocrx_word' id='word_1_226' title='bbox 438 3397 485 3445; x_wconf 90' lang='lat' dir='ltr'>pro</span> <span class='ocrx_word' id='word_1_227' title='bbox 504 3380 702 3444; x_wconf 84' lang='lat' dir='ltr'>fragmentorum</span> <span class='ocrx_word' id='word_1_228' title='bbox 721 3396 826 3429; x_wconf 90' lang='lat' dir='ltr'>numero</span> <span class='ocrx_word' id='word_1_229' title='bbox 843 3370 996 3430; x_wconf 88' lang='lat' dir='ltr'>Mercurium</span> <span class='ocrx_word' id='word_1_230' title='bbox 1016 3381 1152 3446; x_wconf 87' lang='lat' dir='ltr'>compellat</span> <span class='ocrx_word' id='word_1_231' title='bbox 1170 3381 1320 3445; x_wconf 87' lang='lat' dir='ltr'>Cyllenium,</span> <span class='ocrx_word' id='word_1_232' title='bbox 1341 3379 1420 3428; x_wconf 90' lang='lat' dir='ltr'>filium</span> 
     </span>
     <span class='ocr_line' id='line_1_29' title="bbox 166 3461 1420 3530; baseline 0.001 -18"><span class='ocrx_word' id='word_1_233' title='bbox 166 3463 248 3512; x_wconf 88' lang='lat' dir='ltr'>Maiae</span> <span class='ocrx_word' id='word_1_234' title='bbox 267 3461 326 3528; x_wconf 84' lang='lat' dir='ltr'>(frg.</span> <span class='ocrx_word' id='word_1_235' title='bbox 348 3479 370 3523; x_wconf 90' lang='lat'>1,</span> <span class='ocrx_word' id='word_1_236' title='bbox 395 3465 434 3522; x_wconf 86' lang='lat'>16,</span> <span class='ocrx_word' id='word_1_237' title='bbox 456 3478 485 3513; x_wconf 86' lang='lat'>21</span> <span class='ocrx_word' id='word_1_238' title='bbox 506 3467 529 3513; x_wconf 82' lang='lat' dir='ltr'><strong>A</strong></span> <span class='ocrx_word' id='word_1_239' title='bbox 548 3464 636 3530; x_wconf 70' lang='lat' dir='ltr'>ng),</span> <span class='ocrx_word' id='word_1_240' title='bbox 657 3465 698 3514; x_wconf 92' lang='lat' dir='ltr'>ille</span> <span class='ocrx_word' id='word_1_241' title='bbox 716 3465 818 3530; x_wconf 89' lang='lat' dir='ltr'>quidem</span> <span class='ocrx_word' id='word_1_242' title='bbox 830 3474 907 3530; x_wconf 89' lang='lat' dir='ltr'>poeta</span> <span class='ocrx_word' id='word_1_243' title='bbox 919 3481 972 3513; x_wconf 93' lang='lat' dir='ltr'>non</span> <span class='ocrx_word' id='word_1_244' title='bbox 984 3466 1017 3514; x_wconf 88' lang='lat' dir='ltr'>ad</span> <span class='ocrx_word' id='word_1_245' title='bbox 1032 3467 1174 3515; x_wconf 87' lang='lat' dir='ltr'>ornandum</span> <span class='ocrx_word' id='word_1_246' title='bbox 1186 3467 1264 3514; x_wconf 91' lang='lat' dir='ltr'>modo</span> <span class='ocrx_word' id='word_1_247' title='bbox 1278 3482 1420 3515; x_wconf 90' lang='lat' dir='ltr'>sermonem</span> 
     </span>
     <span class='ocr_line' id='line_1_30' title="bbox 168 3549 1421 3615; baseline 0.004 -18"><span class='ocrx_word' id='word_1_248' title='bbox 168 3559 202 3597; x_wconf 87' lang='lat' dir='ltr'>ta</span> <span class='ocrx_word' id='word_1_249' title='bbox 220 3549 307 3599; x_wconf 85' lang='lat' dir='ltr'>secisse</span> <span class='ocrx_word' id='word_1_250' title='bbox 325 3550 439 3599; x_wconf 86' lang='lat' dir='ltr'>videtur:</span> <span class='ocrx_word' id='word_1_251' title='bbox 466 3559 520 3599; x_wconf 88' lang='lat' dir='ltr'>erat</span> <span class='ocrx_word' id='word_1_252' title='bbox 536 3550 630 3615; x_wconf 88' lang='lat' dir='ltr'>potius,</span> <span class='ocrx_word' id='word_1_253' title='bbox 650 3550 677 3598; x_wconf 93' lang='lat' dir='ltr'>ni</span> <span class='ocrx_word' id='word_1_254' title='bbox 695 3549 777 3607; x_wconf 84' lang='lat' dir='ltr'>fallor,</span> <span class='ocrx_word' id='word_1_255' title='bbox 798 3551 844 3598; x_wconf 85' lang='lat' dir='ltr'>iste</span> <span class='ocrx_word' id='word_1_256' title='bbox 862 3551 1000 3600; x_wconf 90' lang='lat' dir='ltr'>Mercurius</span> <span class='ocrx_word' id='word_1_257' title='bbox 1019 3568 1077 3600; x_wconf 93' lang='lat' dir='ltr'>vere</span> <span class='ocrx_word' id='word_1_258' title='bbox 1095 3568 1125 3600; x_wconf 86' lang='lat' dir='ltr'>ex</span> <span class='ocrx_word' id='word_1_259' title='bbox 1144 3551 1282 3601; x_wconf 87' lang='lat' dir='ltr'>Arcadicae</span> <span class='ocrx_word' id='word_1_260' title='bbox 1301 3551 1421 3615; x_wconf 88' lang='lat' dir='ltr'>Cyllenae</span> 
     </span>
     <span class='ocr_line' id='line_1_31' title="bbox 168 3635 1422 3699; baseline 0.002 -17"><span class='ocrx_word' id='word_1_261' title='bbox 168 3635 295 3686; x_wconf 87' lang='lat' dir='ltr'>vicinitate</span> <span class='ocrx_word' id='word_1_262' title='bbox 318 3636 344 3684; x_wconf 90' lang='lat' dir='ltr'>in</span> <span class='ocrx_word' id='word_1_263' title='bbox 369 3636 467 3699; x_wconf 86' lang='lat' dir='ltr'>Lydiae</span> <span class='ocrx_word' id='word_1_264' title='bbox 491 3653 560 3685; x_wconf 90' lang='lat' dir='ltr'>oram</span> <span class='ocrx_word' id='word_1_265' title='bbox 585 3635 726 3685; x_wconf 84' lang='lat' dir='ltr'>translatus.</span> <span class='ocrx_word' id='word_1_266' title='bbox 768 3636 826 3684; x_wconf 90' lang='lat' dir='ltr'>Hoc</span> <span class='ocrx_word' id='word_1_267' title='bbox 850 3637 870 3684; x_wconf 94' lang='lat' dir='ltr'>si</span> <span class='ocrx_word' id='word_1_268' title='bbox 894 3645 959 3685; x_wconf 89' lang='lat' dir='ltr'>recte</span> <span class='ocrx_word' id='word_1_269' title='bbox 983 3637 1109 3693; x_wconf 84' lang='lat' dir='ltr'>statuitur,</span> <span class='ocrx_word' id='word_1_270' title='bbox 1136 3636 1313 3685; x_wconf 88' lang='lat' dir='ltr'>verisimillime</span> <span class='ocrx_word' id='word_1_271' title='bbox 1336 3638 1422 3686; x_wconf 78' lang='lat' dir='ltr'>referri</span> 
     </span>
     <span class='ocr_line' id='line_1_32' title="bbox 168 3720 1422 3786; baseline 0.002 -18"><span class='ocrx_word' id='word_1_272' title='bbox 168 3727 252 3784; x_wconf 88' lang='lat' dir='ltr'>potest</span> <span class='ocrx_word' id='word_1_273' title='bbox 274 3720 307 3768; x_wconf 93' lang='lat' dir='ltr'>ad</span> <span class='ocrx_word' id='word_1_274' title='bbox 325 3737 381 3773; x_wconf 88' lang='lat' dir='ltr'>eam</span> <span class='ocrx_word' id='word_1_275' title='bbox 399 3721 565 3770; x_wconf 87' lang='lat' dir='ltr'>Phliasiorum</span> <span class='ocrx_word' id='word_1_276' title='bbox 584 3728 609 3770; x_wconf 93' lang='lat' dir='ltr'>et</span> <span class='ocrx_word' id='word_1_277' title='bbox 629 3720 813 3770; x_wconf 86' lang='lat' dir='ltr'>Cleonaeorum</span> <span class='ocrx_word' id='word_1_278' title='bbox 833 3721 953 3785; x_wconf 86' lang='lat' dir='ltr'>Cyllenae</span> <span class='ocrx_word' id='word_1_279' title='bbox 973 3722 1053 3770; x_wconf 88' lang='lat' dir='ltr'>monti</span> <span class='ocrx_word' id='word_1_280' title='bbox 1071 3720 1210 3769; x_wconf 90' lang='lat' dir='ltr'>vicinorum</span> <span class='ocrx_word' id='word_1_281' title='bbox 1230 3731 1336 3786; x_wconf 90' lang='lat' dir='ltr'>partem,</span> <span class='ocrx_word' id='word_1_282' title='bbox 1357 3738 1422 3786; x_wconf 90' lang='lat' dir='ltr'>quae</span> 
     </span>
     <span class='ocr_line' id='line_1_33' title="bbox 169 3803 1422 3870; baseline 0.002 -16"><span class='ocrx_word' id='word_1_283' title='bbox 169 3805 336 3863; x_wconf 88' lang='lat' dir='ltr'>Clazomenis,</span> <span class='ocrx_word' id='word_1_284' title='bbox 363 3807 388 3854; x_wconf 91' lang='lat' dir='ltr'>in</span> <span class='ocrx_word' id='word_1_285' title='bbox 414 3807 511 3870; x_wconf 84' lang='lat' dir='ltr'>Lydiae</span> <span class='ocrx_word' id='word_1_286' title='bbox 535 3822 589 3864; x_wconf 86' lang='lat' dir='ltr'>ora,</span> <span class='ocrx_word' id='word_1_287' title='bbox 616 3805 730 3855; x_wconf 89' lang='lat' dir='ltr'>consedit</span> <span class='ocrx_word' id='word_1_288' title='bbox 747 3803 832 3867; x_wconf 90' lang='lat' dir='ltr'>(Paus.</span> <span class='ocrx_word' id='word_1_289' title='bbox 851 3807 911 3865; x_wconf 85' lang='lat' dir='ltr'>VII,</span> <span class='ocrx_word' id='word_1_290' title='bbox 932 3820 957 3870; x_wconf 84' lang='lat'>3,</span> <span class='ocrx_word' id='word_1_291' title='bbox 978 3805 1014 3869; x_wconf 79' lang='lat'>9).</span> <span class='ocrx_word' id='word_1_292' title='bbox 1051 3807 1083 3854; x_wconf 87' lang='lat' dir='ltr'>Et</span> <span class='ocrx_word' id='word_1_293' title='bbox 1100 3805 1154 3870; x_wconf 87' lang='lat' dir='ltr'>ipse</span> <span class='ocrx_word' id='word_1_294' title='bbox 1172 3806 1310 3870; x_wconf 90' lang='lat' dir='ltr'>Hipponax</span> <span class='ocrx_word' id='word_1_295' title='bbox 1329 3808 1355 3855; x_wconf 92' lang='lat' dir='ltr'>in</span> <span class='ocrx_word' id='word_1_296' title='bbox 1374 3808 1422 3857; x_wconf 87' lang='lat' dir='ltr'>hac</span> 
     </span>
     <span class='ocr_line' id='line_1_34' title="bbox 168 3890 1422 3957; baseline 0.002 -20"><span class='ocrx_word' id='word_1_297' title='bbox 168 3891 268 3940; x_wconf 87' lang='lat' dir='ltr'>civitate</span> <span class='ocrx_word' id='word_1_298' title='bbox 292 3891 449 3957; x_wconf 88' lang='lat' dir='ltr'>aliquantum</span> <span class='ocrx_word' id='word_1_299' title='bbox 467 3893 556 3942; x_wconf 87' lang='lat' dir='ltr'>aetatis</span> <span class='ocrx_word' id='word_1_300' title='bbox 574 3892 644 3956; x_wconf 86' lang='lat' dir='ltr'>degit</span> <span class='ocrx_word' id='word_1_301' title='bbox 664 3901 699 3955; x_wconf 67' lang='lat' dir='ltr'>tv.</span> <span class='ocrx_word' id='word_1_302' title='bbox 717 3891 810 3954; x_wconf 84' lang='lat' dir='ltr'>Bergk.</span> <span class='ocrx_word' id='word_1_303' title='bbox 829 3892 874 3941; x_wconf 90' lang='lat' dir='ltr'>Gr.</span> <span class='ocrx_word' id='word_1_304' title='bbox 896 3891 944 3942; x_wconf 92' lang='lat' dir='ltr'>Lit.</span> <span class='ocrx_word' id='word_1_305' title='bbox 963 3893 998 3945; x_wconf 86' lang='lat'>11.</span> <span class='ocrx_word' id='word_1_306' title='bbox 1019 3893 1070 3953; x_wconf 87' lang='lat'>326</span> <span class='ocrx_word' id='word_1_307' title='bbox 1088 3890 1146 3956; x_wconf 87' lang='lat' dir='ltr'>sq.).</span> <span class='ocrx_word' id='word_1_308' title='bbox 1180 3891 1319 3954; x_wconf 91' lang='lat' dir='ltr'>Lydiorum</span> <span class='ocrx_word' id='word_1_309' title='bbox 1338 3902 1422 3941; x_wconf 85' lang='lat' dir='ltr'>autem</span> 
     </span>
     <span class='ocr_line' id='line_1_35' title="bbox 169 3975 1423 4043; baseline 0.005 -21"><span class='ocrx_word' id='word_1_310' title='bbox 169 3989 284 4025; x_wconf 86' lang='lat' dir='ltr'>sermone</span> <span class='ocrx_word' id='word_1_311' title='bbox 309 3977 448 4026; x_wconf 89' lang='lat' dir='ltr'>Mercurius</span> <span class='ocrx_word' id='word_1_312' title='bbox 470 3979 611 4043; x_wconf 86' lang='lat' dir='ltr'>appellatus</span> <span class='ocrx_word' id='word_1_313' title='bbox 634 3984 671 4026; x_wconf 90' lang='lat' dir='ltr'>est</span> <span class='ocrx_word' id='word_1_314' title='bbox 696 3976 839 4026; x_wconf 88' lang='lat' dir='ltr'>Candaules</span> <span class='ocrx_word' id='word_1_315' title='bbox 862 3975 989 4042; x_wconf 84' lang='lat' dir='ltr'>(Hippon.</span> <span class='ocrx_word' id='word_1_316' title='bbox 1013 3978 1062 4041; x_wconf 87' lang='lat' dir='ltr'>frg.</span> <span class='ocrx_word' id='word_1_317' title='bbox 1086 3990 1113 4033; x_wconf 91' lang='lat'>1;</span> <span class='ocrx_word' id='word_1_318' title='bbox 1141 3976 1173 4026; x_wconf 86' lang='lat' dir='ltr'>cf.</span> <span class='ocrx_word' id='word_1_319' title='bbox 1194 3978 1304 4041; x_wconf 79' lang='lat' dir='ltr'>Hesyeh.</span> <span class='ocrx_word' id='word_1_320' title='bbox 1329 3993 1349 4028; x_wconf 89' lang='lat' dir='ltr'>s.</span> <span class='ocrx_word' id='word_1_321' title='bbox 1373 3977 1423 4041; x_wconf 79' lang='lat' dir='ltr'>v.).</span> 
     </span>
     <span class='ocr_line' id='line_1_36' title="bbox 163 4060 1422 4128; baseline 0.002 -19"><span class='ocrx_word' id='word_1_322' title='bbox 163 4060 218 4109; x_wconf 87' lang='lat' dir='ltr'>Has</span> <span class='ocrx_word' id='word_1_323' title='bbox 251 4078 339 4111; x_wconf 90' lang='lat' dir='ltr'>omnes</span> <span class='ocrx_word' id='word_1_324' title='bbox 365 4079 405 4112; x_wconf 90' lang='lat' dir='ltr'>res</span> <span class='ocrx_word' id='word_1_325' title='bbox 432 4079 488 4115; x_wconf 89' lang='lat' dir='ltr'>cum</span> <span class='ocrx_word' id='word_1_326' title='bbox 516 4073 669 4128; x_wconf 84' lang='lat' dir='ltr'>reputamus,</span> <span class='ocrx_word' id='word_1_327' title='bbox 697 4077 782 4110; x_wconf 88' lang='lat' dir='ltr'>veram</span> <span class='ocrx_word' id='word_1_328' title='bbox 805 4061 917 4110; x_wconf 83' lang='lat' dir='ltr'>fabulam</span> <span class='ocrx_word' id='word_1_329' title='bbox 941 4063 1100 4126; x_wconf 84' lang='lat' dir='ltr'>protraxisse,</span> <span class='ocrx_word' id='word_1_330' title='bbox 1129 4077 1181 4110; x_wconf 92' lang='lat' dir='ltr'>non</span> <span class='ocrx_word' id='word_1_331' title='bbox 1205 4070 1297 4111; x_wconf 86' lang='lat' dir='ltr'>temere</span> <span class='ocrx_word' id='word_1_332' title='bbox 1321 4061 1422 4112; x_wconf 89' lang='lat' dir='ltr'>finxisse</span> 
     </span>
     <span class='ocr_line' id='line_1_37' title="bbox 167 4146 1424 4213; baseline 0 -17"><span class='ocrx_word' id='word_1_333' title='bbox 167 4146 316 4196; x_wconf 86' lang='lat' dir='ltr'>arbitramur</span> <span class='ocrx_word' id='word_1_334' title='bbox 346 4149 517 4198; x_wconf 88' lang='lat' dir='ltr'>Ptolemaeum</span> <span class='ocrx_word' id='word_1_335' title='bbox 549 4149 652 4213; x_wconf 84' lang='lat' dir='ltr'>Heph,</span> <span class='ocrx_word' id='word_1_336' title='bbox 685 4162 742 4196; x_wconf 89' lang='lat' dir='ltr'>cum</span> <span class='ocrx_word' id='word_1_337' title='bbox 773 4146 880 4209; x_wconf 86' lang='lat' dir='ltr'>Clytiam</span> <span class='ocrx_word' id='word_1_338' title='bbox 912 4146 989 4207; x_wconf 90' lang='lat' dir='ltr'>Lydii</span> <span class='ocrx_word' id='word_1_339' title='bbox 1022 4146 1159 4195; x_wconf 88' lang='lat' dir='ltr'>Candauiis</span> <span class='ocrx_word' id='word_1_340' title='bbox 1188 4163 1292 4196; x_wconf 88' lang='lat' dir='ltr'>uxorem</span> <span class='ocrx_word' id='word_1_341' title='bbox 1323 4158 1424 4197; x_wconf 87' lang='lat' dir='ltr'>vocaret</span> 
     </span>
     <span class='ocr_line' id='line_1_38' title="bbox 167 4231 652 4300; baseline 0.004 -20"><span class='ocrx_word' id='word_1_342' title='bbox 167 4232 310 4294; x_wconf 89' lang='lat' dir='ltr'>(Westerm.</span> <span class='ocrx_word' id='word_1_343' title='bbox 329 4235 456 4298; x_wconf 84' lang='lat' dir='ltr'>mythogr.</span> <span class='ocrx_word' id='word_1_344' title='bbox 474 4235 518 4284; x_wconf 89' lang='lat' dir='ltr'>Gr.</span> <span class='ocrx_word' id='word_1_345' title='bbox 537 4253 562 4300; x_wconf 91' lang='lat' dir='ltr'>p.</span> <span class='ocrx_word' id='word_1_346' title='bbox 584 4231 652 4298; x_wconf 86' lang='lat'><strong>192).</strong></span> 
     </span>
    </p>
   </div>
   <div class='ocr_carea' id='block_1_5' title="bbox 0 0 1581 4986">
    <p class='ocr_par' dir='ltr' id='par_1_10' title="bbox 0 0 1581 4986">
     <span class='ocr_line' id='line_1_39' title="bbox 0 0 1581 4986; baseline 0 0"><span class='ocrx_word' id='word_1_347' title='bbox 0 0 1581 4986; x_wconf 95' lang='lat' dir='ltr'> </span> 
     </span>
    </p>
   </div>
  </div>
 </body>
</html>
