3142 4986
680 280 887 326 ..22-

157 433 285 515 pultum
315 454 386 496 esse
417 455 492 495 eum
515 433 693 513 Ormenii¹l
723 441 757 494 et
785 443 841 494 aut
870 453 967 493 avum
989 434 1201 513 Ormenumss)
1230 445 1287 496 aut
1313 433 1423 498 filium

158 545 393 626 Pheretemque
421 555 574 626 nepotem
582 545 609 623 8)
639 544 668 605 ei
697 542 794 605 luisse
815 544 956 604 tradunt.
1000 543 1091 605 Haec
1114 544 1209 624 igitur
1230 546 1320 623 regio
1342 566 1422 609 con·

158 664 233 718 stat.
278 654 347 717 lam
374 655 475 717 altera
504 655 666 735 quaedam
695 672 779 733 quae
808 651 872 715 huc
900 653 1061 733 pertinent
1089 653 1261 735 proferam.
1313 656 1422 738 Eury·

158 765 257 848 pylus
287 767 372 829 idem
402 767 490 828 cuius
520 764 621 827 filium
651 773 684 826 et
713 774 868 845 nepotem
897 766 1167 838 commemoravi,
1197 775 1289 848 patre
1318 767 1424 831 utitur

158 897 225 938 non
246 876 445 951 Euaemone,
469 877 526 939 sed
548 875 761 957 Hyperoch0.
804 872 912 954 Quid?
934 877 1023 955 quod
1044 874 1105 938 hac
1128 897 1162 939 re
1184 878 1422 961 immiscetur4)

159 987 452 1069 Hyperboreorum
496 986 628 1062 sabulis,
677 986 793 1066 quibus
837 987 1087 1048 vetustissimam
1130 987 1212 1050 inter
1254 988 1423 1070 Apollinis

158 1119 252 1162 sacra
273 1098 436 1181 Delphica
456 1097 617 1178 Deliaque
639 1118 677 1160 ac
692 1097 879 1159 Thessalica
901 1098 1169 1160 necessitudinem
1191 1099 1323 1163 subesse
1345 1121 1417 1182 per·

158 1210 267 1291 spexit
290 1208 475 1272 Odolredus
498 1208 673 1270 Muellerus
697 1208 788 1288 (Dor.
816 1226 841 1281 1,
866 1208 937 1287 267,
961 1212 1035 1289 272)
1059 1212 1080 1289 ).
1116 1199 1173 1289 Ἐξ
1188 1201 1421 1295 Ὑπερβορέων

158 1323 244 1385 enim
267 1319 502 1402 Hyperochum
525 1318 658 1382 heroem
681 1319 849 1381 advenisse
870 1319 1020 1401 Delphos
1043 1321 1214 1384 narrabant
1222 1322 1264 1401 6);
1287 1321 1417 1402 Hyper·

157 1431 292 1494 boreum
321 1432 473 1512 nomenl)
507 1429 733 1511 Apollinisque
760 1450 850 1492 sacra
880 1450 994 1511 reapse
1017 1452 1090 1493 cum
1114 1432 1251 1513 Delphis
1273 1433 1382 1495 iuncta
1391 1435 1419 1513 ⁸)

157 1542 351 1605 constabant
379 1541 511 1622 Pagasis
539 1542 742 1623 potissimum
773 1551 805 1604 et
834 1540 959 1603 Pheris:
991 1543 1073 1615 inde,
1104 1543 1228 1624 opinor,
1258 1542 1419 1623 probatur

158 1652 414 1734 Hyperboreum
445 1650 541 1715 luisse
570 1652 806 1734 Hyperochum
835 1655 889 1733 qui
918 1652 1091 1734 Eurypylo
1126 1654 1226 1734 patris
1259 1654 1333 1716 loco
1363 1656 1418 1717 ad-

158 1765 283 1826 iunctus
313 1772 373 1829 est.
396 1800 436 1811 —
459 1761 525 1825 Sed
547 1773 656 1826 exstat
678 1764 775 1826 etiam
797 1764 898 1826 altera
920 1764 1030 1826 similis
1052 1785 1111 1826 res.
1156 1764 1307 1846 Hyginus
1329 1766 1418 1829 enim

158 1873 234 1954 (fab.
270 1877 324 1956 97)
360 1883 458 1936 vocat
493 1873 699 1956 Eurypylum
735 1874 932 1937 Euaemonis
968 1873 1069 1937 filium
1105 1886 1138 1938 et
1174 1874 1272 1957 Opis,
1315 1896 1418 1958 quam

162 1983 202 2048 O.
228 1983 403 2047 Muellerus
426 1972 593 2065 (Orchom.
617 2007 648 2068 p.
675 1987 734 2065 348
744 1986 769 2066 ²)
792 1985 961 2049 fertilitatis
983 1987 1079 2049 deam
1101 2007 1185 2069 quae
1206 1987 1322 2050 Latine
1342 1987 1418 2072 Ops

159 2097 341 2159 nominatur
368 2096 596 2178 interpretatus
622 2107 680 2160 est.
726 2095 792 2160 Sed
819 2097 935 2159 Latina
964 2097 1037 2159 talis
1066 2099 1285 2180 interpretatio
1316 2101 1418 2182 prius·

157 2228 256 2289 quam
279 2208 320 2270 ad
343 2207 465 2289 Hygini
488 2208 603 2270 librum
626 2207 804 2282 adhibetur,
829 2207 892 2270 alia
914 2210 995 2270 ratio
1017 2209 1194 2290 spectanda
1215 2219 1275 2274 est.
1319 2209 1416 2276 Grae·

157 2340 229 2383 cam
251 2339 349 2401 quam
364 2305 466 2397 Ὦπις
492 2327 611 2381 vocant
633 2338 787 2400 agnosco,
811 2338 893 2398 quae
916 2339 934 2381 e
956 2320 1149 2400 cognomine
1170 2320 1296 2383 Dianae
1317 2324 1413 2386 ducta

159 2441 208 2494 est
216 2433 252 2512 ⁹).
307 2429 400 2510 Quae
435 2451 508 2493 cum
546 2449 654 2490 rursus
690 2429 771 2492 inter
804 2449 859 2491 eas
892 2430 1030 2510 virgines
1059 2430 1225 2506 habeatur,
1256 2453 1342 2514 quae
1370 2453 1412 2496 ex

157 2601 224 2652 filius
245 2610 283 2651 est
306 2602 477 2664 educaturque
495 2617 510 2649 a
528 2600 651 2659 Chirone,
675 2607 700 2648 et
723 2600 756 2648 ad
776 2601 879 2649 fluvium
897 2601 1089 2653 Thessaliotidia
1107 2603 1256 2669 Apidanum
1275 2606 1417 2657 collocatur

159 2687 256 2752 (Apoll.
275 2687 362 2735 Rhod.
381 2686 415 2743 ΙΙ,
436 2685 485 2749 506
503 2683 580 2749 sqq.).

244 2770 267 2836 ¹)
286 2773 327 2822 Ps.
344 2770 473 2820 Aristotel.
492 2770 560 2834 pepl.
578 2786 619 2834 ep.
638 2784 670 2820 22
691 2770 789 2835 (Egla).

244 2854 268 2921 ²)
287 2855 431 2906 Demetrius
448 2855 534 2920 Sceps.
552 2857 630 2920 apud.
649 2857 766 2905 Strabon.
786 2857 861 2914 VIII,
880 2870 939 2921 439.

242 2939 266 3006 ⁸)
285 2941 418 2991 Acusilaus
437 2939 471 3005 (l)
490 2941 515 2989 in
534 2941 615 2990 schol.
636 2941 829 3007 Pind.01ymp.
849 2944 910 3001 VII,
933 2957 976 3003 42.

242 3025 267 3093 ⁴)
286 3026 419 3077 lmmixtus
439 3033 476 3075 est
493 3026 568 3075 etiam
586 3027 728 3076 Heraclidis
746 3027 874 3077 Thessalis
891 3029 944 3078 scil.
963 3030 1094 3079 Aleuadis.
1127 3031 1167 3080 cf.
1182 3031 1303 3080 Boeclthii
1320 3031 1412 3095 explic.

159 3115 233 3165 Pind.
251 3114 324 3178 Pyth.
342 3113 376 3163 X.
397 3127 512 3178 prooem.
1086 3158 1088 3163 ,

242 3197 265 3264 ⁶)
283 3201 345 3248 Post
368 3214 426 3248 eum
448 3197 551 3247 Crusius
574 3195 707 3261 (Roscher.
726 3197 763 3246 M.
780 3198 811 3248 L.
831 3213 850 3246 s.
871 3196 907 3263 v.)
925 3215 955 3248 ea
973 3200 1131 3265 potissimum
1148 3197 1282 3265 explicavit
1298 3212 1363 3262 quae
1381 3197 1408 3245 in

156 3285 206 3334 illis
230 3284 323 3333 sabulis
346 3285 379 3332 ad
398 3293 472 3333 certa
489 3282 610 3333 Graeciae
633 3282 691 3330 loca
715 3297 795 3347 eaque
817 3283 984 3334 diversissima
1007 3293 1137 3351 spectant,
1164 3298 1250 3335 vereor
1271 3287 1355 3330 autem
1373 3298 1406 3332 ne

156 3369 326 3434 etymologica
355 3370 451 3419 ratione
481 3368 595 3418 adhibita
625 3371 689 3416 cum'
710 3382 754 3417 eos
783 3369 887 3417 omnino
910 3371 1091 3435 Hyperboreos
1114 3368 1246 3436 significari
1269 3367 1409 3416 contendat

158 3455 302 3520 quicunque
319 3454 445 3519 Apollinis
463 3469 533 3502 sacra
552 3459 660 3510 teneant,
679 3452 837 3517 aliquantum
855 3453 998 3505 detrimenti
1016 3456 1050 3505 rei
1068 3456 1162 3507 fecerit.

242 3537 266 3605 ⁸)
285 3540 350 3588 Sunt
374 3539 416 3590 alii
441 3539 530 3588 heroes
551 3538 670 3603 Delphici
692 3539 735 3603 qui
758 3539 928 3590 Phthiotidem
953 3541 1079 3591 indicant:
1104 3542 1242 3591 Leodocus
1264 3536 1351 3604 (Paus.
1374 3538 1410 3596 X,

157 3640 199 3691 23,
228 3623 267 3692 2);
296 3626 355 3675 item
377 3625 444 3673 enim
468 3630 574 3673 vocatur
599 3623 664 3672 filius
687 3623 790 3688 quidam
814 3625 942 3689 Apollinis
960 3633 985 3675 et
1001 3625 1109 3675 Phthiae
1126 3625 1260 3690 (Apollod.
1278 3624 1301 3682 1,
1320 3634 1346 3686 7,
1366 3622 1410 3688 6);

156 3711 265 3777 Pyrrhus
283 3711 354 3776 isque
370 3708 479 3759 Achillis
497 3707 562 3758 tilius
581 3707 666 3772 (Pane.
685 3709 706 3767 1,
726 3721 752 3770 4,
769 3723 801 3771 4;
824 3711 858 3768 Χ,
880 3723 921 3774 23,
942 3708 984 3773 2);
1006 3710 1130 3775 Phylacus
1150 3709 1261 3776 (Herod.
1273 3709 1347 3770 VIII,
1363 3720 1410 3772 393

156 3798 230 3848 Paua.
249 3798 283 3859 X,
304 3796 330 3859 8,
351 3795 385 3860 7),
404 3795 447 3860 qui
465 3810 607 3860 eponymus
625 3793 764 3844 Phthiotici
782 3796 873 3861 oppidi
891 3795 1014 3860 Phylaces
1034 3796 1165 3846 ducendus
1182 3810 1237 3845 esse
1254 3793 1361 3845 ridetur.

241 3878 401 3946 ⁷)‘11ut'dec
422 3874 613 3951 Ὑπερβορέων
636 3873 771 3945 Παγασάς
794 3883 841 3933 nul
864 3880 925 3940 δῖος
946 3874 1079 3946 Ἀγυιεύς)
1103 3883 1173 3932 Boeo
1192 3881 1263 3947 apud
1280 3879 1355 3930 Paas.
1374 3879 1409 3938 X,

156 3982 180 4034 5,
201 3968 232 4029 8,
253 3968 285 4017 de
303 3966 389 4016 Pheris
406 3965 438 4016 cf.
458 3966 574 4015 Crusium
591 3965 609 4016 l.
627 3965 644 4015 l.
664 3982 689 4031 p.
710 3965 786 4028 2809.

240 4050 264 4118 8)
283 4052 342 4102 Vid.
361 4050 392 4101 Ο.
412 4052 526 4102 Mueller.
545 4053 609 4101 Dor.
628 4051 650 4111 Ι,
671 4063 722 4112 204
741 4067 779 4116 sq.

240 4136 263 4204 ⁹)
279 4133 363 4196 Ὦπις
385 4138 468 4186 Diana
494 4153 573 4202 eaque
598 4137 709 4202 Ephesia
732 4147 837 4187 vocatur
860 4139 892 4187 ab
915 4137 1062 4186 Alexandro
1084 4137 1179 4188 Aetolo
1195 4136 1276 4202 (apud
1294 4135 1411 4185 Maenoba

154 4234 201 4276 eati
219 4225 250 4284 V,
273 4237 314 4283 22,
334 4221 377 4289 4),
397 4223 474 4288 Opim
493 4224 518 4272 iu
537 4222 671 4272 comitibus
690 4223 790 4272 Dianae
808 4233 923 4272 numerat
940 4223 1018 4287 Verg.
1036 4224 1101 4274 Aen.
1120 4224 1168 4284 XI,
1190 4233 1249 4286 532,
1270 4219 1323 4284 836
1342 4218 1412 4285 (gen.
