3142 4986
710 280 903 342 ,6-

260 448 353 511 Unus
376 459 474 512 restat
485 450 639 532 Merops:
664 471 743 511 avus
757 450 908 512 Phidonis
923 451 1046 531 Argivi,
1070 471 1234 533 pronepos
1250 453 1431 536 Temeni1),

164 557 374 622 vceleberrimi
396 560 479 623 illius
502 561 701 624 Heraclidae.
745 561 875 642 Ergone
898 570 966 624 erat
988 561 1123 624 fortasse
1148 562 1290 644 Meropis
1313 584 1433 626 nomen

176 668 315 732 Doricae
339 671 476 734 nationis
499 673 630 735 omnino
653 670 841 752 proprium?
871 669 959 734 Cave
981 692 1020 734 ne
1042 673 1106 735 tale
1130 658 1210 755 quid
1229 695 1272 736 ex
1287 675 1349 736 isto
1367 675 1432 756 qui-

177 780 252 843 dem
283 791 455 844 stemmate
486 783 669 846 concludas.
714 782 798 845 Nam
828 784 860 845 id
890 783 966 864 quid
988 783 1046 845 sibi
1068 784 1154 858 velit,
1184 785 1280 847 etiarn
1303 786 1432 868 saepius

176 883 395 972 cognoscitur:
420 895 452 956 id
475 894 622 956 nimirum
645 894 734 974 quod
756 893 880 968 heroes,
904 914 986 976 quos
1001 915 1020 956 a
1035 894 1161 956 Dorum
1177 895 1432 973 Heraclidarum·

177 1023 240 1085 que
273 1013 370 1085 gente
400 1025 476 1068 vere
509 1006 629 1067 alienos
659 1003 755 1067 fuisse
786 1025 803 1066 e
834 1003 949 1067 fabulis
977 1005 1091 1080 elucet,
1125 1006 1283 1069 interdurn
1313 1008 1354 1070 ab
1382 1009 1432 1070 his

175 1123 290 1196 aperto
315 1115 446 1178 consilio
471 1116 552 1178 inter
574 1116 717 1197 ipsorum
740 1114 846 1178 herois
869 1126 1018 1197 posteros
1041 1117 1130 1179 asciti
1152 1127 1234 1180 sunt.

261 1225 352 1289 Haec
382 1227 424 1288 de
451 1225 550 1289 heroe
581 1226 726 1308 Merope.
777 1227 846 1288 Nec
876 1247 953 1289 vero
982 1228 1045 1289 hoc
1072 1220 1210 1302 tantum,
1241 1230 1297 1291 sed
1327 1250 1431 1310 aequa

175 1340 299 1402 ratione
329 1339 426 1400 etiam
455 1337 588 1400 heroine
608 1357 690 1418 quae
712 1346 846 1400 vocatur
865 1334 1012 1421 Μερόπη
1034 1339 1120 1400 natio
1144 1340 1303 1419 quaedam
1328 1341 1430 1403 Mero-

174 1470 254 1530 pum
284 1448 480 1529 exprimitur.
525 1448 577 1511 Ac
607 1447 674 1511 Coa
704 1450 850 1511 ducenda
880 1458 929 1510 est
958 1449 1094 1530 Merope
1126 1470 1209 1530 quae
1238 1452 1319 1513 inter
1346 1450 1431 1514 Solis

174 1560 256 1622 filias
279 1558 510 1640 numeratur2).
554 1559 682 1621 Eodem
705 1560 789 1621 enim
812 1580 897 1622 nexu
920 1581 1027 1622 rerum
1049 1559 1184 1623 efficitur
1207 1582 1271 1643 quo
1294 1561 1431 1625 Aethio-

175 1691 255 1752 pum
278 1690 337 1730 rex
360 1669 503 1751 Merops,
528 1689 624 1750 quem
648 1691 722 1732 vere
746 1669 850 1732 Coum
873 1672 1072 1751 agnovimus.

263 1780 407 1843 Maxime
440 1802 518 1843 vero
551 1783 582 1843 in
609 1781 832 1863 Peloponneso
861 1783 954 1844 sedes
983 1783 1108 1844 videtur
1137 1781 1233 1845 fuisse
1263 1783 1429 1866 Meropae.
1491 1864 1493 1868 Ι

176 1891 229 1954 Sic
251 1892 337 1955 enim
358 1901 476 1954 vocata
497 1901 547 1954 est
568 1892 735 1955 Arcadum
758 1892 842 1973 regis
857 1891 989 1974 Cypseli
1012 1892 1076 1956 filia
1095 1915 1178 1976 quae
1193 1916 1211 1957 e
1227 1877 1430 1977 Cresphonte

175 2024 300 2086 proava
323 2003 563 2085 Aepytidarum
587 2004 695 2084 regiae
715 2004 820 2085 gentis
843 2014 892 2066 est
915 2003 1047 2086 sacta⁸);
1078 2006 1156 2067 item
1178 2026 1241 2068 una
1263 2027 1281 2068 e
1305 2005 1432 2068 filiabus

176 2115 320 2178 Atlantis
343 2115 491 2178 Arcadis.
533 2115 657 2177 Eadem
682 2113 837 2177 Corinthii
867 2137 950 2178 uxor
979 2126 1047 2178 erat
1069 2114 1200 2198 Sisyphi
1209 2117 1251 2197 4);
1283 2137 1430 2179 necnon

176 2225 341 2290 Corinthia
364 2226 415 2288 vel
437 2229 481 2288 sis
503 2224 655 2307 Sicyonia
663 2227 687 2308 5)
712 2235 780 2288 erat
803 2248 886 2289 uxor
894 2228 919 2308 ⁶)
941 2227 1057 2307 Polybi
1079 2228 1156 2302 eius,
1188 2229 1241 2310 qui
1264 2226 1429 2310 Oedipum

175 2338 368 2401 Thebanum
398 2338 485 2419 apud
514 2357 549 2399 se
579 2339 704 2419 accepit
733 2337 953 2419 educavitque.
999 2337 1100 2399 Vides
1127 2357 1209 2418 quae
1232 2338 1282 2399 via
1304 2359 1348 2399 ex
1370 2339 1429 2399 Ar-

175 2451 267 2512 cadia
290 2469 348 2531 per
370 2446 561 2511 Corinthum
583 2457 616 2509 et
639 2446 814 2527 Sicyonem
836 2448 933 2509 ducat
954 2449 986 2509 in
1008 2448 1186 2510 Boeotiam.

260 2560 304 2621 Et
336 2557 503 2621 Onchestii
536 2557 760 2639 Hippomenis
790 2558 843 2637 qui
872 2558 1050 2620 Atalanten
1079 2558 1246 2638 (Boeotiae
1268 2558 1428 2621 Arcadiae

175 2672 394 2750 communem)
424 2689 593 2750 superasse
616 2668 722 2744 fertur,
754 2678 857 2731 mater
878 2679 944 2730 erat
966 2669 1102 2750 Merope
1112 2671 1147 2750 ⁷).
1191 2667 1256 2731 Sed
1278 2671 1341 2732 hoc
1364 2690 1428 2732 non

175 2869 259 2909 autem
277 2859 356 2908 modo
376 2857 451 2906 huius
468 2872 575 2915 sorores,
598 2858 677 2906 modo
695 2857 761 2907 filiae
774 2857 882 2921 Hyantis
894 2865 919 2906 et
931 2857 1051 2907 Boeotiae
1063 2857 1225 2922 appellantur
1237 2857 1320 2924 (Hyg.
1335 2868 1428 2909 astron.

174 2946 211 3006 11,
232 2944 285 3010 21).
320 2944 416 2993 Videas
434 2961 460 3009 p.
483 2955 505 3005 7.

259 3028 283 3095 ¹)
302 3030 381 3080 Diod.
399 3029 489 3094 fragm.
507 3029 569 3088 vn,
593 3041 631 3091 15.

260 3113 284 3182 ²)
303 3115 400 3180 Hygia.
423 3114 475 3163 sab.
503 3124 551 3178 154
575 3129 605 3162 ex
623 3114 738 3163 Hesiodo
758 3114 857 3164 hausta.
893 3114 965 3178 Quae
983 3114 1078 3165 ibidem
1095 3114 1122 3163 in
1147 3115 1205 3164 cod.
1224 3114 1254 3164 F.
1272 3114 1428 3179 reperiuntur

174 3203 251 3252 verba
270 3201 423 3257 ‘Phaetbom
450 3198 565 3263 Clymeni
584 3197 649 3248 Solis
672 3199 717 3248 filii
734 3208 759 3249 et
777 3201 895 3264 Meropes
913 3200 1039 3265 nymphae
1062 3200 1137 3262 filius,
1158 3215 1233 3264 quam
1252 3199 1427 3250 Oceanitidem

174 3287 327 3352 accepimus²
355 3294 379 3335 et
405 3283 530 3333 nonnulla
557 3299 621 3348 quae
649 3293 795 3350 sequuntur,
823 3286 856 3333 ab
883 3285 1062 3350 interpolatore
1090 3285 1202 3350 quodam
1226 3285 1350 3334 inculcata
1374 3300 1428 3333 esse

174 3373 302 3422 Robertus
320 3370 460 3434 (Eratosth.
479 3376 565 3419 catast.
583 3386 608 3434 p.
627 3371 689 3430 216;
710 3370 741 3421 ct'.
760 3371 849 3420 Herm.
867 3371 968 3429 XVIII,
988 3384 1039 3434 434
1057 3368 1124 3434 sqq.)
1147 3368 1208 3416 mihi
1228 3369 1358 3433 persuasit.
1390 3371 1429 3419 Ac

175 3458 207 3506 de
229 3472 275 3506 suo
300 3456 345 3505 iste
368 3465 461 3505 temere
479 3455 531 3504 sive
548 3455 648 3505 finxisse
668 3456 720 3504 sive
738 3456 895 3520 perturbasse
913 3456 1020 3514 videtur,
1046 3471 1102 3504 cum
1123 3461 1148 3502 et
1166 3454 1271 3518 cogitari
1289 3454 1332 3502 vix
1350 3455 1429 3518 possit

173 3543 239 3592 inter
256 3543 342 3592 Solem
360 3549 385 3590 et
402 3540 586 3590 Phaethontem
604 3541 749 3605 quempiam
761 3541 933 3606 interpositum
945 3557 998 3590 esse
1010 3551 1036 3590 et
1048 3537 1176 3590 Oceanitis
1190 3547 1287 3588 constet
1299 3539 1428 3604 Clymene.

259 3624 282 3692 θ)
301 3627 408 3676 Pausan.
427 3625 474 3685 IV,
494 3639 519 3689 3,
540 3626 570 3685 6;
591 3625 715 3690 Apollod.
733 3625 795 3676 bibl.
813 3627 849 3685 11,
869 3641 894 3687 4,
916 3637 939 3691 5.

301 3711 427 3778 Apollod.
446 3711 467 3772 Ι,
490 3725 515 3774 9,
536 3725 564 3776 3;
587 3712 634 3771 111,
658 3724 698 3770 10,
722 3724 749 3768 1;
771 3710 851 3762 schol.
869 3712 900 3763 Il.
917 3712 1019 3772 XVIII,
1039 3710 1102 3772 486;
1123 3708 1173 3757 alii.

258 3710 283 3778 ⁴)

259 3795 283 3863 ὅ)
303 3798 343 3848 Cf.
362 3796 460 3846 Herod.
478 3797 510 3858 V,
531 3795 579 3858 67;
599 3795 672 3846 Paus.
691 3797 727 3855 ΙΙ,
747 3797 771 3857 6,
792 3794 817 3845 6.

259 3881 283 3950 ⁸)
301 3883 423 3932 Pisander
449 3881 475 3930 in
501 3881 581 3932 schol.
599 3881 687 3947 Eurip.
704 3882 803 3931 Phoen.
827 3881 905 3944 1760;
932 3881 1054 3946 Sophocl.
1073 3879 1140 3931 Oed.
1161 3887 1209 3940 tyr.
1230 3890 1280 3941 774
1296 3896 1335 3945 sq.
1368 3879 1427 3942 Qua

173 3969 271 4019 ratione
295 3969 344 4018 hoc
367 3967 426 4018 loco
444 3967 584 4032 appelletur
600 3970 692 4038 Δωρίς
708 3966 769 4016 mihi
787 3965 910 4016 incertum
928 3977 973 4017 est.
1004 3965 1146 4015 Scholiasta
1163 3965 1197 4013 ad
1215 3964 1231 4014 l.
1249 3965 1426 4031 interpretatur

172 4053 427 4120 Peloponnesiacam;
448 4052 654 4102 Schneidewinus
671 4062 697 4101 et
713 4052 843 4101 Nauckius
863 4051 1008 4116 (comment.
1026 4051 1060 4099 ad
1078 4050 1110 4115 l.)
1131 4051 1280 4100 rettulerunt
1296 4052 1329 4101 ad
1349 4051 1426 4100 Dori·

173 4141 231 4190 dem
250 4140 380 4190 Oetaeam.

259 4221 282 4290 li
300 4225 371 4290 Hyg.
392 4224 443 4274 fab.
463 4224 526 4290 1853
549 4224 582 4274 ci.
600 4222 723 4288 Apollod.
743 4223 793 4284 111,
815 4232 852 4284 15,
872 4221 896 4272 8.
