3142 4986
643 304 853 370 -59-

116 456 213 519 Delio
250 449 428 540 Καλύμνας
459 455 628 538 ipsorum,
675 457 919 540 Calymniorum
957 463 1019 524 deo
1060 463 1202 525 maxime
1239 464 1370 545 egregio

116 567 284 646 (Newton,
314 569 415 651 greek
444 569 585 650 inscript.
616 567 655 630 ol
679 570 755 636 Brit.
786 571 869 634 Mus.
902 592 947 636 nr.
980 589 1049 650 301,
1074 590 1132 652 231
1159 575 1253 655 sqq.),
1286 572 1373 636 Cous

117 697 247 758 quoque
276 680 376 742 homo
406 681 579 754 dedicavit,
611 680 669 743 nisi
699 681 780 762 lapis
820 683 897 764 (Pat.
930 704 976 750 nr.
1010 683 1066 759 603
1095 685 1181 749 Dub.
1212 707 1243 766 p.
1264 688 1319 766 45)
1341 687 1373 748 in

116 790 195 852 urbe
219 791 309 853 iuxta
332 800 424 852 vetus
447 791 608 853 theatrum
629 801 777 872 repertus
800 791 960 874 Calymna
982 794 1058 856 olim
1080 795 1155 857 illue
1177 804 1371 877 transporta·

114 910 167 962 tus
197 911 255 966 est.
272 922 321 948 ’-
342 901 471 964 Delium
495 901 682 982 Apollinem
714 912 749 965 ut
779 904 810 965 in
838 903 1008 985 fragmenti
1032 904 1091 968 Coi
1121 907 1162 968 ad
1192 927 1299 969 sacras
1321 928 1372 970 res

114 1013 301 1093 pertinentis
334 1012 439 1074 verbis
473 1007 596 1098 Klpiwv
628 1004 652 1102 ἢ
686 1011 783 1093 ξένων
814 1017 861 1101 τῷ
884 1005 1088 1096 Ἀπόλλ[ωνι
1103 1064 1212 1080 .....
1246 1016 1369 1098 (Paton.

117 1143 163 1187 nr.
185 1134 236 1200 40,
260 1125 291 1203 a)
320 1124 558 1197 subaudiamus,
589 1134 624 1187 ut
655 1126 838 1189 subaudivit
860 1126 986 1189 Dubois
1009 1148 1040 1208 p.
1061 1143 1113 1205 44,
1143 1148 1183 1189 ne
1213 1148 1277 1189 uno
1304 1129 1371 1209 qui-

115 1235 190 1296 dem
213 1235 350 1312 vestigio
373 1236 535 1298 suadetur.

201 1345 346 1426 Apollini
377 1334 512 1419 Carneo,
542 1364 639 1427 quern
669 1346 720 1408 vel
751 1348 869 1410 mensis
892 1346 979 1410 Cous
1002 1350 1163 1432 Καρνεῖος
1184 1345 1367 1432 (ἱερομηνία

114 1457 279 1540 Δωριεῦσι
309 1456 458 1536 Thucyd.
486 1457 534 1530 V,
566 1460 616 1537 54)
639 1459 774 1532 indicat,
810 1458 947 1520 colendo
970 1460 1130 1521 studuisse
1162 1458 1249 1521 Coos
1272 1461 1369 1521 etiam

112 1566 241 1630 aliunde
271 1567 487 1631 confirmatur.
533 1568 619 1630 Nam
648 1570 704 1630 vix
732 1570 864 1631 dubium
894 1579 943 1632 est
973 1571 1049 1649 quin
1069 1569 1176 1632 verbis
1197 1564 1235 1635 τὸ
1257 1559 1371 1651 ἕτερον

114 1671 187 1754 ἔτος
215 1673 270 1762 ἐφ’
305 1662 343 1743 οὗ
372 1676 511 1744 κλέωντι
541 1682 703 1763 Καρνεῖαι
737 1680 816 1758 (Pat.
848 1701 891 1743 nr.
920 1683 968 1759 38,
997 1683 1121 1764 1o,21)
1150 1680 1370 1762 exprimantur

116 1788 314 1852 Carneorum
345 1789 441 1852 feriae
467 1792 563 1853 tertio
586 1811 716 1872 quoque
737 1812 822 1853 anno
845 1792 1025 1854 celebratae
1035 1792 1070 1872 ¹).
1094 1828 1137 1838 —
1158 1791 1202 1853 Et
1224 1799 1297 1853 sunt
1319 1789 1370 1852 alii

114 1902 179 1963 duo
197 1900 256 1963 Coi
279 1921 406 2036 meppes
429 1900 486 2037 qpi)
506 1922 624 1964 nornen
646 1903 688 1965 ab
704 1902 859 1984 Apolline
882 1904 1044 1984 accepisse
1059 1903 1224 1964 videntur:
1245 1893 1370 1966 Ὑακίν·

112 2038 192 2114 dioc
221 2047 253 2099 et
282 2035 534 2122 Πεταγείτνυος,
565 2047 699 2118 uterque
728 2039 849 2119 origine
871 2038 1154 2119 Peloponnesiaca.
1199 2039 1256 2100 Ille
1283 2039 1369 2100 enim

113 2149 210 2210 etiam
240 2149 356 2223 Rhodi,
388 2147 575 2229 Calymnae,
606 2170 702 2230 porro
729 2149 875 2230 Byzantii
906 2170 943 2212 ac
966 2148 1093 2211 Therae
1123 2158 1308 2230 compertus
1328 2149 1370 2211 ad

112 2254 308 2339 Hyacinthia
323 2259 462 2334 recurrit,
487 2260 659 2340 Amyclaei
673 2259 834 2341 Apollinis
851 2260 955 2328 ferias.
993 2260 1088 2322 Alter
1102 2281 1180 2322 vero
1196 2261 1250 2340 qui
1265 2281 1369 2341 aeque

111 2369 248 2432 Rhodiis
282 2369 458 2450 Calymniis
493 2371 729 2451 Megarensium
764 2371 897 2434 coloniis
931 2371 1070 2434 Ponticis
1079 2373 1103 2453 2)
1138 2381 1222 2444 erat,
1257 2370 1369 2433 Attice

112 2491 247 2544 vocatur
284 2475 539 2566 Μεταγειτνιών.
600 2482 711 2562 Atque
757 2483 809 2545 hic
851 2503 970 2545 nomen
1013 2484 1143 2544 duxisse
1181 2482 1294 2544 dicitur
1327 2480 1369 2542 ab

114 2591 268 2673 Apolline
291 2593 482 2673 Metagitnio
504 2593 761 2674 (Lysimachides
783 2595 870 2675 apud
891 2593 1049 2674 Harpocr.
1073 2614 1097 2659 s,
1120 2602 1162 2656 v.'
1177 2595 1275 2673 Mar.)
1297 2593 1316 2654 i.
1339 2612 1367 2656 e.

111 2704 400 2784 transmigrationis
433 2714 583 2785 patrono.
627 2705 717 2766 ldem
740 2714 775 2767 ut
797 2707 884 2786 apud
906 2705 1014 2767 Dores
1033 2704 1104 2767 illos
1127 2705 1158 2766 in
1180 2704 1369 2786 Apollinem

112 2823 151 2876 ac
181 2835 246 2876 non
276 2815 307 2876 in
330 2815 427 2877 alium
449 2816 545 2878 deum
568 2816 725 2890 ceciderit,
750 2836 827 2878 sane
851 2836 916 2878 non
938 2815 1025 2878 omni
1048 2816 1170 2877 ratione
1192 2815 1368 2896 flagitatur;

112 2935 257 2988 attamen
279 2926 441 3007 Apollinis
470 2927 674 3007 potissimum
704 2927 850 3007 partibus
872 2927 995 3008 optime
1018 2926 1167 2989 convenit
1189 2925 1239 3005 (ci.
1256 2919 1369 3010 Ἀρχη-

113 3037 222 3122 γέτηνῑ
247 3037 437 3099 colonorum
460 3039 599 3118 ducem),
633 3059 671 3100 ac
693 3039 738 3100 eis
760 3039 872 3120 utique
894 3039 1038 3100 adrideat
1060 3038 1114 3117 qui
1136 3037 1247 3098 Attica
1270 3036 1369 3098 Meta·

111 3150 212 3231 gitnia
245 3149 390 3229 Apollini
427 3149 573 3228 primitus
607 3170 626 3211 a
660 3149 800 3211 Doribus
835 3149 1089 3229 immigrantibus
1122 3148 1266 3209 instituta
1299 3167 1369 3234 esse

111 3411 187 3459 rebus
219 3411 319 3458 subesse
350 3410 447 3458 censuit
474 3411 597 3458 Patonius
624 3408 742 3456 mercium
770 3408 898 3472 quandam
924 3407 1113 3456 subvectionem
1140 3405 1369 3469 commerciumque

112 3496 183 3561 quod
201 3496 286 3544 multis
304 3511 348 3560 per
368 3499 497 3559 Aegaeum
516 3510 586 3544 mare
604 3511 661 3543 cum
679 3495 746 3543 Delo
768 3494 914 3546 interfuerit.
950 3495 985 3542 At
1003 3493 1122 3557 quoniam
1141 3491 1287 3557 Staphylus,
1309 3489 1369 3539 Anii

110 3565 184 3638 avus,
204 3596 234 3630 ac
252 3580 319 3629 filiae
333 3580 393 3629 Anii
412 3595 476 3643 quae
497 3573 669 3648 Οἰνότροτιοι
686 3589 809 3628 vocantur
828 3578 863 3642 (v.
881 3577 961 3628 schol.
981 3579 1109 3644 Lycophr.
1130 3589 1189 3643 570,
1211 3575 1271 3642 580)
1291 3577 1369 3625 mani·

110 3667 174 3715 feste
196 3666 230 3714 ad
253 3665 380 3714 Bacchum
405 3676 545 3723 recurrunt,
571 3666 678 3714 indicari
703 3666 788 3730 potius
811 3673 864 3714 tota
887 3680 913 3712 re
935 3663 996 3712 mihi
1019 3663 1118 3712 videtur
1136 3663 1238 3712 vinculo
1256 3663 1369 3727 quodam

110 3750 241 3817 Apollinis
267 3759 292 3799 et
314 3751 407 3800 Bacchi
437 3767 506 3800 sacra
531 3752 556 3799 in
579 3750 690 3814 Aegaeis
712 3750 799 3798 insulis
821 3748 953 3798 contineri.
996 3749 1062 3798 Naxi
1085 3749 1139 3798 laus
1160 3748 1284 3797 Bacchica
1305 3747 1369 3797 inter

110 3852 200 3887 omnes
225 3844 339 3894 constat3
368 3837 400 3885 de
417 3837 485 3885 Delo
510 3835 625 3885 conseras
642 3835 705 3885 bull.
724 3835 755 3883 de
772 3850 835 3883 corr.
854 3834 887 3892 V,
910 3831 973 3898 508;
1000 3834 1032 3882 de
1050 3836 1163 3898 Mycono
1180 3833 1295 3883 Dittenb.
1314 3833 1368 3895 syll.

109 3932 176 3987 3733
196 3923 229 3971 de
246 3922 335 3971 Andro
353 3921 418 3970 infra
436 3938 461 3986 p.
480 3921 522 3982 64.

197 4004 221 4071 1)
239 4006 323 4056 Aliam
341 4007 491 4056 sententiam
510 4006 616 4071 protulit
634 4004 755 4054 Patonius
773 4022 798 4069 p.
817 4018 874 4069 334.

132 4102 135 4107 '
198 4090 222 4158 Ι)
238 4094 300 4143 Non
324 4093 403 4141 modo
430 4091 592 4141 Chalcedone
620 4091 666 4140 iste
685 4090 778 4140 mensis
798 4091 919 4155 reperitur
937 4088 1067 4153 (Bischoil.
1085 4108 1111 4156 p.
1129 4089 1205 4155 374),
1235 4087 1280 4137 sed
1301 4103 1369 4138 nunc

108 4176 187 4229 etium
201 4177 324 4227 Callatide
343 4176 423 4243 (arch.
437 4177 516 4242 epigr.
529 4177 629 4226 Mitteil.
643 4176 808 4240 Oestr.·Ung.
823 4175 887 4237 1887
901 4192 927 4241 p.
943 4174 998 4240 33),
1019 4191 1084 4241 quae
1103 4177 1162 4224 urbs
1177 4176 1210 4224 ab
1227 4173 1368 4224 Heracleae

108 4248 232 4315 Ponticae
249 4262 338 4311 incolis
356 4263 546 4326 Megarensibus
566 4261 670 4310 condita
688 4267 725 4309 est
741 4259 843 4324 (Strabo
863 4271 926 4323 542;
947 4261 1020 4310 Paus.
1042 4262 1074 4320 V,
1095 4261 1136 4319 26,
1159 4273 1187 4324 7;
1208 4258 1241 4309 cl'.
1254 4259 1365 4309 roncar-

107 4356 165 4400 tum
182 4348 246 4399 bull.
266 4347 298 4397 de
317 4363 381 4399 corr.
400 4349 431 4406 V,
456 4347 507 4413 74).
