3142 4986
677 309 889 373 -so-

155 464 260 529 Extra
287 462 1425 546 verohoslooosmsqmmchnciopeoempamoeoiamim

154 572 1424 661 nectmoodonremqutdemsmmexfnbooerepeteoednlimmmq

759 935 807 1006 V.

328 1144 409 1227 DE
439 1142 725 1227 HERCULE
756 1144 836 1226 ET
865 1143 1241 1226 HERACLIDIS.

239 1341 297 1406 Aa
318 1342 493 1406 Herculem
509 1341 615 1405 Coum
631 1341 843 1423 Herculisque
864 1354 1016 1425 posteros
1035 1354 1272 1406 convertamur.
1315 1344 1420 1408 lllnm

154 1451 254 1516 Troia
287 1453 477 1516 redeuntem
508 1461 704 1533 tempestate
735 1474 756 1515 a
779 1454 905 1533 Junone
933 1455 1075 1515 demissa
1101 1456 1145 1516 ad
1172 1453 1245 1516 Con
1272 1456 1420 1519 insulam

154 1563 326 1647 depulsum
355 1582 429 1626 esse
458 1564 532 1626 inde
553 1563 596 1626 ab
617 1563 717 1626 Iliade
740 1564 841 1641 (xlv,
866 1580 930 1643 250
950 1568 1036 1645 sqq.)
1058 1567 1187 1646 saepius
1207 1586 1228 1627 a
1248 1567 1420 1630 vetenbrss

154 1674 309 1738 traditum
331 1673 426 1756 σεῖ’).
464 1674 512 1738 Ibi
534 1695 600 1757 qua
620 1695 656 1737 re
676 1685 841 1738 certamen
863 1677 893 1737 ei
909 1696 984 1737 cum
999 1675 1172 1757 Eurypylo
1187 1674 1420 1742 Chaloodonte

155 1785 328 1866 Antagora
357 1785 409 1848 vel
439 1785 563 1849 cunctis
592 1786 713 1849 insulae
743 1786 855 1848 incolis
876 1796 1078 1848 contractum
1099 1788 1141 1848 sit
1161 1787 1255 1849 aliter
1277 1788 1419 1870 Apollo

155 1897 255 1959 dorus
276 1896 316 1970 II.
339 1913 369 1976 7,
398 1914 424 1973 1,
447 1897 558 1970 schol..
582 1894 730 1959 Eustath.
753 1898 795 1958 ad
817 1897 853 1958 Il.
875 1897 897 1962 l.
916 1898 947 1971 1.,
970 1898 1062 1959 aliter
1075 1897 1265 1960 Plutarchus
1285 1911 1419 1980 quaest,

157 2004 214 2072 Gr.
239 2007 278 2087 58
300 2017 458 2073 enarrant.
504 2007 577 2070 Hae
598 2028 676 2070 vero
698 2009 879 2070 inimicitiae
896 2029 981 2091 quae
1003 2009 1204 2071 intercedunt
1223 2031 1298 2072 cum
1312 2021 1419 2075 certa-

158 2138 228 2182 rum
251 2120 417 2182 nationum
439 2117 581 2183 Coarum
604 2118 765 2193 heroibus,
792 2119 896 2199 qualis
917 2140 994 2181 usus
1016 2129 1066 2181 est
1087 2118 1247 2195 fabularis,
1270 2142 1312 2183 eo
1334 2143 1419 2203 quo

156 2229 334 2293 dammodo
367 2231 534 2293 solvuntur
566 2251 604 2293 ac
637 2239 790 2292 sanantur
819 2231 908 2311 quod
936 2248 981 2292 ex
1010 2228 1221 2312 Chalciope⁸)
1249 2232 1418 2317 Eurypyli

158 2362 282 2371 u—--—-·-
299 2365 360 2373 .-

243 2453 266 2520 ¹)
284 2456 367 2505 Etiam
386 2455 505 2505 Patonius
523 2454 634 2520 inscript.
652 2471 677 2519 p.
696 2463 746 2517 345
765 2454 841 2503 sentit
852 2453 1055 2503 Chalcodontem
1072 2465 1097 2502 et
1109 2455 1265 2520 Chalciopen
1280 2457 1413 2509 Abantem

155 2539 225 2605 atiud
246 2539 315 2591 Cous
332 2549 436 2604 gentem
453 2540 547 2589 testari.

243 2621 267 2690 ²)
287 2624 409 2674 Pindarus
432 2624 457 2674 in
482 2624 556 2675 Nem.
581 2624 628 2678 IV.
648 2635 679 2687 25
698 2638 737 2687 sq.
762 2632 787 2672 et
809 2623 898 2672 Isthm.
918 2624 950 2681 V,
971 2623 1004 2672 28
1022 2640 1059 2688 sq.
1081 2625 1234 2674 carminibus
1256 2626 1283 2674 in
1309 2628 1417 2679 landem

156 2709 336 2774 Aeginetarum
359 2709 519 2775 (quorundam
541 2707 663 2757 consectis
687 2723 737 2756 una
758 2723 816 2757 cum
840 2708 990 2771 Aeginetico
1012 2709 1089 2757 heroe
1112 2711 1252 2759 Telamone
1274 2712 1416 2765 Herculem

157 2794 217 2844 iacit
242 2794 404 2845 dimicantem
424 2802 512 2843 contra
529 2792 634 2843 Troiam
652 2793 771 2858 Meropes
787 2793 956 2857 Alcyoneum.
994 2795 1044 2843 Hic
1062 2812 1145 2844 rerum
1162 2795 1227 2845 ordo
1245 2812 1298 2845 non
1317 2807 1418 2851 temere

156 2896 171 2929 a
190 2889 266 2946 poeta
284 2881 413 2931 adhibitus
431 2891 476 2930 est.
511 2880 577 2930 Nam
602 2888 629 2928 ut
646 2879 786 2928 Troianum
809 2887 935 2928 certamen
954 2879 1045 2928 arctius
1063 2879 1118 2928 Coo
1137 2879 1272 2929 antefixum
1290 2898 1345 2932 esse
1362 2885 1415 2934 iam

156 2966 273 3028 vidlnrus,
294 2967 330 3016 ita
347 2966 468 3030 deinceps
486 2974 542 3030 post
556 2964 635 3014 Coam
654 2978 737 3012 rursus
756 2964 858 3029 ponitur
870 2963 987 3013 Herculis
998 2964 1024 3012 in
1037 2964 1161 3028 Gigantes
1172 2981 1260 3030 pugna
1272 2967 1415 3033 Phlegraea

155 3052 225 3119 apud
243 3052 369 3120 Apollod.
391 3051 425 3107 11,
447 3061 470 3112 7.
496 3062 516 3098 1.
555 3050 626 3099 Haec
651 3049 727 3114 igitur
752 3050 777 3098 in
802 3050 944 3098 fabularum
962 3049 1143 3098 Herculeamm
1166 3067 1272 3101 numero
1294 3069 1327 3102 ex
1346 3069 1412 3118 quo·

156 3154 254 3204 cunque
279 3147 393 3204 tempore
417 3144 534 3187 constare
558 3135 683 3186 videntur.
702 3161 734 3170 -
754 3134 962 3184 Wilamowitzius
980 3132 1093 3198 (Heracl.
1112 3135 1134 3193 1,
1156 3135 1216 3201 281)
1241 3147 1326 3188 censet
1343 3138 1409 3187 Her·

155 3223 218 3273 culis
238 3224 427 3290 extruditionem
444 3222 582 3271 Troianam
600 3223 633 3270 ab
646 3221 763 3270 Asiaticis
774 3221 887 3270 Doribus
904 3229 929 3269 et
947 3221 1116 3285 excogitatam
1135 3237 1189 3271 esse
1207 3230 1232 3270 et
1249 3223 1407 3272 coniunctam

155 3323 212 3357 cum
233 3308 412 3357 vetustioribus
430 3308 522 3357 fabalis
541 3322 604 3373 quas
622 3308 654 3356 de
673 3305 733 3355 Cois
750 3306 862 3354 eiusdem
880 3305 973 3370 pugnis
989 3305 1111 3355 ferebant.

242 3389 265 3456 ⁸)
286 3393 447 3443 l’lutarcheae
461 3392 609 3441 narrationis
620 3389 648 3453 (l.
662 3391 690 3456 l.)
705 3387 760 3455 <ad
772 3391 936 3441 caerimonias
954 3407 1080 3441 sacrorum
1094 3391 1210 3440 Herculis
1222 3391 1408 3442 Antimachien·

155 3479 219 3529 siunt
238 3478 401 3544 explicandas
420 3478 562 3535 institutae:
588 3477 619 3527 cs.
638 3494 663 3542 p.
682 3473 738 3542 62>
756 3478 781 3526 in
805 3477 854 3525 fine
872 3477 935 3526 haec
953 3477 1085 3541 leguntur:
1113 3474 1174 3528 luel
1193 3477 1224 3529 δὲ
1242 3479 1297 3529 τῶν
1312 3471 1410 3544 Μερό-

155 3581 218 3618 πων
241 3554 327 3622 αὖθις
344 3557 482 3631 κρατήσας
504 3564 551 3613 καὶ
576 3566 730 3632 καθαρθεὶς
754 3556 853 3631 ἐγάμει
870 3556 931 3627 τὴν
955 3555 1152 3622 Ἀλκιόπου,
1176 3557 1292 3628 ἀνέλαβε
1310 3557 1412 3628 στολὴν
1464 3597 1467 3604 -

155 3646 284 3715 ἀνθίνην.
320 3649 497 3714 Corruptelam
521 3648 601 3697 inesse
625 3649 695 3714 quod
719 3649 874 3714 suspicemur
896 3663 925 3696 ac
943 3643 994 3714 τὴν
1013 3641 1178 3712 Χαλκιόπην
1197 3650 1335 3698 scribamus
1353 3666 1412 3699 cum

156 3736 185 3786 C.
205 3732 325 3785 Ruberto‘
340 3734 373 3798 (v.
393 3735 433 3786 Fr.
453 3734 586 3794 llackium‚
617 3733 650 3783 de
674 3734 765 3784 Graec.
790 3734 925 3784 caerimon.
960 3733 1045 3782 Berol.
1068 3733 1131 3795 1883
1156 3750 1181 3798 p.
1201 3732 1251 3796 20),
1276 3751 1330 3784 non
1352 3735 1412 3784 satis

155 3835 246 3870 causae
264 3831 309 3870 est.
342 3822 469 3877 Attamen,
491 3818 516 3866 ni
534 3818 615 3879 fallor,
635 3819 796 3883 agnoscimus
813 3819 892 3883 ipsam
906 3817 1069 3882 Chalciopen,
1087 3818 1108 3865 si
1126 3819 1203 3868 modo
1223 3820 1296 3868 nobis
1308 3835 1411 3884 persua·

155 3905 244 3955 demus
269 3921 363 3954 nornen
386 3898 530 3962 ’Λλκίοπος
553 3904 622 3952 haud
640 3905 739 3954 differre
758 3919 772 3951 a
790 3904 921 3953 decurtato
940 3903 1043 3951 nornine
1056 3894 1183 3956 Ἄλκ-ων.
1221 3905 1325 3954 Alconis
1342 3904 1412 3954 enim

156 3989 207 4039 stlta
219 3989 358 4054 Chalciope
376 3997 554 4054 comportarat
569 3984 613 4051 (ci.
626 4006 652 4054 p.
667 3988 709 4048 28,
725 3988 774 4053 n.).
786 4016 820 4025 -
834 3989 930 4037 Vereor
942 4003 974 4035 ne
990 3987 1117 4055 Θρᾷτταν
1130 3988 1268 4047 mulierem,
1288 3988 1412 4054 adquam

156 4073 278 4125 llercules
296 4073 369 4123 nimis
387 4073 420 4122 ab
438 4073 570 4137 Antagora
582 4074 780 4139 Meropibusque
797 4081 900 4122 vexatus
918 4073 1060 4136 confugisse
1078 4073 1169 4122 dicitur
1186 4075 1255 4139 apud
1267 4074 1409 4135 Plutarch.¹

156 4173 245 4224 parum
268 4167 334 4209 recte
359 4157 482 4207 Msassius
506 4158 605 4222 (Herm.
628 4158 689 4222 1891
710 4176 737 4224 p.
760 4158 819 4224 189)
843 4174 900 4208 cum
923 4156 1025 4221 Alciopi
1043 4156 1094 4206 filia
1112 4155 1273 4224 (Chalciope)
1292 4160 1410 4209 commis·

155 4244 233 4295 cuerlt
261 4253 335 4311 atque
364 4244 423 4294 inde
451 4243 563 4293 Thraces
591 4245 725 4295 Boeoticos
752 4244 880 4294 Euboicos
907 4243 933 4291 iu
952 4243 1007 4291 Con
1033 4243 1140 4292 insulam
1167 4251 1335 4309 transgressos
1361 4243 1411 4294 sibi
