3142 4986
677 289 886 350 „24-

157 450 249 523 patre
259 441 284 523 1)
306 443 412 505 utitur.
454 441 621 505 Adeamus
644 442 739 524 igitur
760 445 802 506 ad
817 444 951 506 alteram
966 443 1127 525 Eurypyli
1142 444 1252 506 sedem
1268 436 1418 507 Maliaco·

159 553 238 616 sinui
268 553 386 615 circum
406 549 554 616 Lamiam
576 554 785 629 adiacentem,
814 553 868 616 ubi
890 552 1035 634 Cyrenes
1056 554 1191 636 vestigia
1211 553 1283 616 fixit
1304 553 1413 616 Maas·

160 664 224 726 sius
247 663 266 726 l.
289 664 308 727 l.
353 664 466 746 Atque
496 665 587 726 huius
617 666 755 746 regionis
778 685 888 746 regem
910 654 1116 747 Eurypylum
1138 685 1156 726 e
1179 664 1297 727 Troico
1320 664 1413 728 bello

159 775 346 837 redeuntem
375 776 544 837 deversum
567 795 638 838 esse
658 776 690 837 in
711 774 852 856 Libyam
873 775 1051 857 Lycophro
1073 776 1185 853 tradit;
1213 775 1287 838 inde
1309 796 1413 857 porro

158 885 312 967 Neptuno
346 895 417 949 orta
446 885 570 964 Lamia,
607 906 690 967 quae
723 886 764 949 ab
797 887 876 949 urbe
911 907 1029 949 nomen
1060 887 1152 949 duxit
1183 887 1314 968 eiusque
1344 886 1414 950 filia

156 998 272 1060 eodem
308 1006 532 1078 pervenerunt.
592 995 718 1078 Quibus
755 998 850 1060 rebus
889 996 1045 1078 Cyrenaei
1084 999 1212 1080 quidem
1249 997 1414 1079 Eurypyli

155 1109 257 1190 patria
277 1110 353 1171 satis
375 1109 539 1191 probatur.
968 1091 970 1094 ’
1110 1097 1112 1101 ’

241 1220 310 1282 Iam
333 1219 473 1282 indidem
497 1219 654 1300 originem
671 1218 759 1282 Cous
781 1220 877 1282 heros
898 1229 1071 1301 propterea
1092 1221 1220 1282 videtur
1233 1221 1413 1301 sumpsisse

157 1332 232 1411 quia
265 1331 325 1412 ipsi
357 1351 487 1411 quoque
520 1330 689 1412 Neptunus
720 1341 812 1412 pater
841 1331 934 1412 est2).
984 1331 1029 1393 Et
1056 1340 1165 1393 exstat
1192 1330 1311 1413 aliquid
1342 1352 1412 1412 quo

157 1443 237 1504 haec
268 1441 376 1523 opinio
413 1443 656 1523 quodammodo
694 1441 918 1506 confirmetur.=
964 1442 1085 1504 Lamus
1122 1443 1222 1517 enim,
1260 1442 1412 1508 Herculis

158 1551 404 1634 Omphalesque
441 1552 540 1628 filius,
578 1553 710 1616 Lamiae
745 1554 832 1616 urbis
866 1554 1083 1636 eponymusss)
1120 1553 1227 1617 fabula
1267 1555 1412 1635 quadam

157 1663 327 1744 copulatus
349 1671 399 1725 est
420 1683 493 1726 cum
510 1664 664 1745 Bargaso,
687 1666 764 1727 item
779 1664 926 1726 Herculis
948 1663 1056 1746 filio4),
1080 1666 1168 1726 cuius
1191 1685 1310 1726 nomen
1331 1667 1412 1746 peti-

155 1785 235 1839 tum*
248 1783 298 1837 est
320 1795 339 1836 a
361 1775 521 1856 Bargasis,
546 1774 659 1838 Cariae
681 1776 759 1838 urbe
775 1777 934 1838 maritima
949 1776 1101 1838 adversus
1119 1773 1189 1837 Con
1204 1776 1273 1838 sita.
1311 1776 1413 1840 Haud

158 1885 253 1965 igitur
275 1885 388 1966 procul
410 1895 444 1948 et
468 1886 520 1948 ille
537 1887 685 1948 conditus
700 1887 741 1948 sit
756 1907 886 1949 necesse
901 1896 960 1951 est.
995 1887 1166 1968 Reperitur
1181 1907 1278 1968 porro
1295 1886 1413 1953 fluvius

159 1996 309 2076 idemque
331 1997 394 2078 (vel
409 1997 533 2079 Lamia)
552 1998 642 2061 locus
666 1999 795 2079 quidam
817 2019 919 2079 prope
935 1996 1031 2061 Solos
1047 1996 1175 2060 Ciliciae
1183 1999 1218 2080 ὅ),
1243 1999 1296 2061 ubi
1313 1999 1411 2063 Lindi

156 2108 304 2172 Rhodiae
336 2109 423 2171 urbis
453 2110 577 2172 incolae
609 2111 710 2191 pedes
743 2109 819 2171 olim
853 2109 1034 2190 fixerantss).
1087 2107 1212 2189 Quibus
1245 2109 1341 2172 rebus
1374 2122 1412 2176 ut

155 2221 380 2302 cognoscimus
408 2220 554 2284 homines
582 2221 741 2300 quosdam
764 2241 782 2282 e
803 2219 964 2282 Lamiensi
988 2241 1067 2300 agro
1093 2220 1257 2301 proiectos
1279 2221 1310 2282 in
1333 2221 1412 2288 Cois

160 2333 281 2395 insulae
303 2332 464 2394 vicinitate
486 2333 657 2405 habitasse,
684 2333 729 2394 sic
751 2332 814 2392 iam
837 2332 903 2393 veri
925 2329 962 2393 fit
983 2330 1178 2393 simillimum
1200 2352 1313 2413 reapse
1326 2334 1409 2397 'inde

157 2464 176 2506 e
198 2443 337 2508 Maliaco
360 2444 429 2504 sinu
444 2442 650 2524 Eurypylum
668 2443 848 2524 Minyaml)
871 2443 912 2504 ad
936 2441 1057 2524 Coos⁸)
1081 2462 1152 2504 esse
1173 2437 1363 2510 translatum
1372 2446 1406 2527 ⁹).

155 2591 360 2601 ——-——

244 2682 267 2746 ¹)
286 2684 360 2733 Pind.
378 2684 451 2748 Pyth.
469 2685 515 2740 IV,
537 2697 584 2747 33;
611 2684 660 2734 alii.
696 2685 778 2733 Mater
800 2699 864 2748 quae
886 2684 909 2732 ei
932 2684 1006 2733 datur
1028 2684 1153 2748 ceterique
1176 2684 1265 2734 affines
1285 2686 1413 2736 debentur

158 2768 358 2834 Peloponnesiis,
382 2769 496 2834 inprimis
517 2769 667 2830 Arcadibus,
693 2785 744 2834 qua
767 2785 792 2818 re
816 2784 946 2834 expressus
969 2777 1006 2818 est
1029 2785 1107 2818 nexus
1132 2785 1219 2818 eorum
1238 2786 1295 2819 cum
1313 2771 1413 2836 reliqua

161 2863 233 2920 parte
250 2854 386 2905 vetustiore
403 2855 541 2903 incolarum
559 2854 647 2904 factus.
684 2854 723 2904 Cf.
741 2855 903 2914 Studniczka,
924 2856 1020 2916 Cyrene
1038 2873 1063 2920 p.
1085 2868 1139 2904 120.

243 2937 267 3005 ²)
286 2940 378 2989 Statuit
395 2940 445 2989 hoc
463 2939 587 2989 Maassius
604 2941 622 2989 l.
642 2940 659 2990 l.
678 2957 703 3005 p.
723 2951 780 3004 347.

242 3023 266 3092 ⁸)
285 3026 374 3090 Steph.
395 3026 454 3089 Byz.
474 3041 494 3074 s.
512 3042 536 3075 v.
554 3029 664 3093 Λαμία.

244 3108 267 3172 ⁴)
286 3111 374 3178 Steph.
393 3113 452 3176 Byz.
471 3128 490 3162 s.
508 3129 532 3162 v.
551 3109 696 3183 Βάργασα.

245 3195 269 3263 ⁶)
287 3199 378 3248 Strabo
397 3198 471 3257 XIV,
485 3201 549 3259 671:
571 3198 659 3262 Steph.
679 3200 739 3259 Byz.
757 3215 776 3247 s.
795 3215 836 3247 vv.
857 3191 961 3268 Λάμος
979 3201 1090 3267 Auula.

244 3281 267 3347 6)
287 3285 377 3335 Strabo
395 3285 412 3334 l.
432 3285 448 3336 l.
1227 3322 1230 3328 .
1407 3314 1412 3325 .

246 3365 269 3432 Ἰ)
289 3369 329 3418 Cf.
354 3371 489 3420 Maassium
513 3371 601 3419 Herm.
622 3371 711 3418 XXVI
732 3369 793 3432 1891
815 3388 841 3435 p.
865 3369 921 3429 180,
943 3383 967 3418 2.
1004 3370 1196 3436 Peloponnesiis
1212 3365 1302 3429 Minyis
1319 3363 1408 3412 deberi

161 3454 260 3502 videtur
277 3470 340 3518 gens
360 3455 413 3504 Coa
431 3455 600 3527 Νεστορίδαι
620 3453 711 3519 (Paton
730 3464 755 3505 et
773 3455 853 3505 Hicks
871 3455 945 3505 inser.
965 3472 1003 3504 nr.
1023 3467 1065 3519 37,
1086 3472 1111 3503 v.
1133 3454 1187 3520 53).

245 3536 269 3606 ⁸)
288 3540 331 3588 Ad
351 3540 432 3589 Coum
452 3541 608 3604 Eurypylum
630 3540 672 3588 alii
696 3557 778 3590 rursus
801 3541 891 3589 heroes
912 3540 981 3588 haud
1005 3541 1057 3589 scio
1078 3555 1110 3588 an
1128 3537 1252 3589 referendi
1268 3535 1327 3586 sint.
1363 3536 1410 3584 Et·

160 3625 227 3675 enim
251 3626 278 3675 in
300 3625 423 3691 Argolide
446 3627 588 3691 Eurypylus
612 3634 636 3675 et
660 3626 767 3675 Temeni
790 3626 855 3673 tilius
876 3634 981 3674 vocatur
1000 3625 1134 3689 (Apollod.
1155 3626 1190 3683 ΙΙ,
1212 3624 1237 3683 8,
1258 3621 1284 3686 5)
1305 3630 1330 3671 et
1346 3636 1412 3670 unus

160 3728 191 3761 ex
210 3711 353 3775 Eurysthei,
378 3711 494 3760 Herculis
518 3713 585 3761 illius
602 3712 744 3769 adversarii,
774 3712 829 3760 filiis
853 3711 896 3776 qui
920 3711 951 3760 ab
970 3710 1080 3760 Hercule
1098 3711 1261 3760 trucidantur
1275 3707 1410 3772 (Anticlid.

159 3798 228 3864 apud
246 3799 340 3848 Athen.
361 3798 407 3856 lv,
432 3809 477 3862 157
496 3796 537 3863 t).
574 3799 613 3846 En
636 3797 722 3846 tabula
740 3798 809 3847 Coae
835 3797 961 3848 simillima
983 3813 1030 3845 uec
1047 3794 1111 3844 forte
1129 3795 1269 3843 simillimal
1301 3793 1374 3856 Quae
1392 3791 1413 3840 si

160 3899 186 3933 re
207 3900 267 3935 vera
286 3885 395 3950 primum
414 3899 429 3932 a
447 3883 636 3948 Peloponnesiis
654 3883 796 3947 excogitata
814 3883 857 3941 sit,
884 3881 993 3930 indicare
1010 3880 1125 3929 videatur
1142 3879 1265 3945 Eurypyli
1283 3878 1412 3927 nationem

159 3984 194 4018 sc.
214 3971 313 4036 Minyas
337 3971 363 4018 in
382 3968 504 4033 Argolide
525 3977 650 4018 certamen
669 3984 725 4017 cum
745 3967 887 4016 Heraclidis
904 3967 1038 4015 adversum
1056 3966 1159 4014 subiisse
1177 3965 1262 4029 idque,
1290 3961 1413 4027 quoniam

162 4056 305 4121 Eurypylus
328 4053 460 4104 adiunctus
478 4064 516 4103 est
534 4054 683 4118 Eurystheo,
708 4061 766 4117 post
784 4053 882 4101 fabulas
904 4053 935 4100 de
955 4052 1064 4100 Hercule
1083 4062 1107 4100 et
1125 4051 1267 4115 Eurystheo
1286 4056 1363 4109 ortas„
1384 4048 1411 4096 h.

161 4155 184 4188 e.
204 4149 338 4206 postquam
351 4138 502 4189 Heraclidae
514 4139 662 4203 Argolidem
683 4147 877 4202 occupaverunt.
911 4138 945 4186 At
964 4137 1013 4186 hoc
1031 4138 1066 4187 eis
1083 4153 1148 4203 quae
1166 4137 1250 4185 adhuc
1268 4136 1301 4184 de
1313 4134 1413 4184 illarum

161 4226 274 4289 gentium
299 4229 372 4276 rebus
397 4224 601 4290 temporibusque
624 4224 801 4290 antiquissimis
825 4223 1009 4289 comperimus.
1037 4237 1124 4286 parum
1147 4221 1274 4269 convenit.
1312 4219 1414 4281 *Contra
