3142 4986
678 262 891 328 ,25-

753 521 815 593 IV.

251 730 332 812 DE
365 729 819 812 CHALCODONTE
850 728 930 812 ET
964 730 1312 813 CHALCIOPE.

240 929 412 1011 Eurypylo
441 929 590 992 Herculis
620 929 804 992 adversario
834 929 896 990 orti
925 949 998 991 esse
1026 951 1045 992 a
1073 928 1149 1015 Cois
1178 931 1325 992 dicuntur
1358 930 1411 1012 qui

157 1051 190 1103 et
222 1041 282 1123 ipsi
310 1061 384 1103 cum
413 1040 554 1103 Hercule
583 1039 790 1118 colligantur:
824 1039 880 1102 filii
911 1040 1133 1122 Antagoras1)
1164 1050 1196 1103 et
1223 1039 1411 1104 Chalcodon

157 1151 220 1230 (vel
243 1149 434 1232 Chalcon)²)
456 1160 569 1214 contra
590 1171 665 1213 eum
686 1151 889 1227 dimicantes;
920 1149 985 1212 filia
1008 1149 1183 1232 Chalciope
1206 1152 1316 1213 uxoris
1338 1151 1412 1214 loco

158 1263 186 1323 ei
206 1262 398 1343 adiuncta³)‚
428 1263 515 1344 quod
545 1271 654 1325 tamen
685 1282 749 1324 nou
776 1262 919 1342 impedit,
951 1261 1027 1341 quin
1049 1271 1085 1323 ut
1107 1261 1178 1324 illos
1201 1263 1245 1324 ita
1267 1261 1349 1324 hanc
1370 1261 1412 1323 ab

156 1392 194 1435 ea
216 1374 345 1435 natione
368 1393 452 1454 quae
475 1372 649 1434 Herculem
673 1372 802 1434 colebat
824 1371 946 1434 alienos
963 1373 1133 1439 ,ducamus
1175 1442 1178 1446 .
1257 1400 1263 1445 J

156 1544 231 1593 facile
254 1561 293 1594 res
315 1545 463 1610 explicatur,
487 1560 545 1593 cnm
568 1543 715 1608 Argolicam
738 1545 858 1610 Eurypyli
880 1544 992 1593 fabulam
1016 1542 1134 1610 ponimus
1158 1543 1299 1595 confectam
1322 1560 1376 1594 esse
1399 1561 1414 1616 e

159 1631 224 1678 cna:
244 1645 321 1695 quam
339 1630 382 1678 ubi
400 1630 488 1678 Dorici
506 1629 592 1678 coloni
603 1629 629 1677 in
641 1629 748 1692 patriam
761 1629 917 1686 rettulerunt¹
938 1645 991 1679 non
1005 1629 1058 1679 fieri
1072 1637 1172 1696 poterat
1184 1631 1247 1694 quin
1260 1631 1410 1696 Eurypylus,

158 1715 277 1779 quoniam
296 1715 451 1778 Argivorum
475 1713 501 1762 in
526 1713 618 1766 fabulis
640 1714 757 1764 Herculis
778 1714 934 1764 adversarius
957 1715 1136 1766 dominabatur
1160 1716 1322 1779 Eurystheus.
1346 1715 1413 1769 filius

157 1800 216 1848 huic
241 1801 398 1848 tribueretur.
422 1829 456 1862 .-
478 1799 586 1848 Diversa
609 1816 669 1848 vero
692 1802 791 1849 Dorum
815 1800 926 1860 ratione,
956 1815 1032 1865 quarn
1056 1801 1131 1849 etiam
1154 1800 1187 1849 de
1209 1801 1315 1866 Merope
1336 1801 1414 1850 heroe

159 1884 310 1947 agnovimus
329 1882 367 1950 (p.
388 1882 425 1949 6),
450 1883 543 1934 factum
567 1893 604 1934 est
627 1886 663 1934 ut¹
678 1886 787 1935 eundem
806 1885 961 1950 Eurypylum
980 1885 1115 1935 inimicitiis
1132 1881 1249 1935 Herculis
1265 1886 1370 1935 sublatis
1387 1886 1413 1935 in

158 1970 350 2019 Heraclidarum
368 1986 500 2020 numerum
518 1978 645 2036 receptum
663 1971 778 2021 Temeno
797 1970 877 2020 filium
897 1972 995 2020 darent.
1016 2000 1049 2007 ·-
1067 1971 1150 2020 Multo
1168 1971 1286 2021 incertior
1303 1988 1342 2020 res
1359 1986 1414 2022 esse

158 2055 219 2103 mihi
242 2055 340 2104 videtur
362 2056 395 2105 de
412 2055 522 2121 Telephi
546 2054 600 2106 filio
618 2056 757 2122 Eurypylo,
783 2057 826 2121 qui
848 2057 882 2104 ad
901 2056 996 2118 Mysiae
1016 2056 1110 2105 flumen
1129 2056 1232 2105 Caicum
1251 2056 1333 2106 Ceteis
1351 2071 1415 2122 quos

157 2148 250 2189 vocant
272 2139 388 2206 imperat.
422 2140 472 2190 Hic
497 2141 568 2206 quod
592 2140 618 2188 in
642 2141 721 2207 epicis
746 2141 898 2190 carminibus
923 2141 1092 2189 Machaonem
1114 2148 1139 2189 et
1156 2140 1261 2190 Nireum
1279 2142 1414 2205 Symaeum

157 2224 278 2274 occidisse
299 2222 400 2289 (Quint.
421 2225 520 2286 Smyrn.
541 2227 587 2286 VI,
600 2238 649 2290 393
664 2241 721 2291 sqq.
741 2233 767 2274 et
784 2225 892 2274 Pausan.
913 2225 962 2283 ΙΙΙ,
980 2226 1067 2284 26,10
1085 2242 1099 2274 e
1118 2241 1198 2290 parva
1212 2219 1303 2283 Iliade;
1325 2227 1414 2290 Quint.

157 2310 184 2359 S.
199 2311 246 2369 VI,
260 2321 310 2375 372
323 2307 387 2375 sq.)‚
407 2310 462 2376 ipse
480 2327 565 2360 rursus
583 2327 599 2359 a
611 2311 794 2376 Neoptolemo,
814 2310 920 2359 Achillis
939 2308 1002 2368 filio,
1022 2310 1118 2359 occisus
1135 2325 1189 2359 esse
1207 2310 1298 2359 dicitur
1311 2308 1414 2376 (Odyss.

157 2397 206 2454 XI,
232 2407 280 2460 519
303 2413 357 2461 sq.;
383 2396 481 2461 Hygin.
506 2396 560 2446 fab.
582 2408 644 2454 112;
672 2396 761 2460 Quint.
787 2396 815 2448 S.
836 2393 925 2461 VIII),
951 2391 1019 2445 Cous
1043 2395 1159 2444 statuitur
1180 2413 1195 2445 a
1219 2395 1414 2444 Wilanrowitzio

159 2478 239 2545 (lsyll.
261 2498 285 2546 p.
304 2481 358 2546 53).
396 2482 493 2531 Tamen
521 2483 553 2530 de
577 2482 669 2531 eodem
693 2483 769 2531 heroe
792 2481 929 2530 afferuntur
952 2481 1002 2529 alia
1022 2481 1146 2546 quaedam
1164 2481 1234 2530 haud
1251 2495 1333 2545 pauca
1351 2496 1415 2545 quae

156 2576 243 2630 aperte
256 2567 404 2626 discedunt;
425 2566 542 2617 interficit
561 2568 627 2616 enirn
641 2567 716 2618 etiam
728 2567 874 2626 Peneleum,
895 2566 1077 2623 Echemmona¹
1099 2565 1231 2629 Eurytum,
1251 2564 1414 2623 Menoetium,

158 2651 314 2715 Harpalum,
335 2653 501 2703 Bucolionem
520 2661 566 2703 etc.
585 2653 669 2719 quod,
689 2653 716 2702 ni
734 2653 822 2712 fallor,
850 2651 948 2701 mediae
969 2650 1090 2701 Graeciae
1109 2665 1137 2699 ac
1154 2650 1324 2715 Peloponnesi
1342 2665 1414 2714 quas·

159 2735 218 2783 dam
236 2736 334 2785 fabulas
352 2737 447 2788 indicat
466 2738 566 2802 (Quint.
585 2739 611 2788 S.
629 2740 676 2797 VI,
696 2737 783 2801 VIII).
818 2737 944 2786 Videntur
961 2737 1037 2802 igitur
1054 2736 1080 2785 in
1098 2735 1176 2801 epicis
1194 2735 1246 2784 istis
1265 2734 1416 2783 carminibus
1519 2789 1521 2792 Α

160 2819 193 2865 ad
211 2819 319 2883 Telephi
337 2819 414 2870 filium
433 2821 590 2872 diversorum
609 2824 796 2889 Eurypylorum
813 2823 854 2872 vei
873 2823 957 2887 potius
975 2822 1128 2871 diversarum
1145 2821 1257 2870 eiusdem
1276 2820 1415 2885 specierum

160 2902 261 2951 fabulae
280 2914 413 2968 congestae
431 2923 491 2958 esse.
518 2905 662 2973 (Conseras
675 2909 744 2974 quod
757 2907 912 2973 Apisaonem
925 2907 1065 2956 Troianum
1077 2908 1110 2955 ab
1124 2905 1254 2970 Eurypylo
1268 2903 1414 2968 (Thessalo)

160 2987 318 3037 interfectum
352 2987 394 3053 (Il.
420 2993 470 3049 ΧΙ,
497 2991 558 3059 578)
589 2994 622 3043 ad
651 2994 857 3058 Peloponnesum
887 2992 982 3042 rettulit
1012 2992 1136 3041 Maassius
1165 2991 1198 3040 G.
1226 2990 1258 3040 G.
1285 2991 1317 3039 A.
1350 2989 1416 3052 1890

161 3089 186 3137 p·
205 3071 285 3141 346.)
322 3074 406 3138 Quam
430 3078 464 3125 ob
486 3094 539 3126 rem
557 3095 646 3127 vereor
664 3096 696 3128 ne
714 3095 774 3128 vera
793 3079 846 3127 elus
862 3093 964 3143 unaque
983 3078 1055 3141 origo
1074 3077 1116 3125 vix
1137 3074 1306 3124 demonstrari
1323 3074 1412 3138 possit.

244 3157 268 3225 9)
286 3160 420 3210 Eumelum
447 3161 528 3210 Coum
552 3164 665 3228 Meropis
688 3163 768 3212 filium
792 3163 873 3227 (Boeo
892 3163 960 3226 apud
984 3164 1046 3210 Ant.
1070 3161 1154 3210 Liber.
1178 3160 1243 3216 XV;
1270 3159 1303 3207 ci.
1323 3175 1349 3223 p.
1372 3157 1414 3222 17)

160 3244 307 3295 Thessaliae
329 3246 442 3296 vindicat
465 3247 585 3296 Patonius
602 3246 688 3311 (inser.
708 3249 738 3297 os
754 3249 804 3298 Cos
822 3265 849 3314 p.
869 3248 940 3312 346),
961 3263 1018 3296 cum
1036 3245 1139 3295 Admeti
1157 3244 1262 3294 Pheraei
1280 3242 1359 3292 filium
1377 3243 1414 3292 in·

159 3329 242 3379 dicare
266 3347 323 3378 eum
346 3338 440 3381 censet.
477 3332 535 3381 Hoc
557 3341 624 3381 recte
645 3333 672 3381 se
697 3333 789 3382 habere
812 3340 906 3398 potest,
932 3347 1085 3396 quamquam
1108 3346 1173 3396 quae
1195 3329 1323 3379 stabiliant
1341 3345 1415 3395 argu·

159 3424 245 3464 menta
267 3432 373 3480 prorsus
397 3417 497 3465 desunt.
539 3416 629 3481 Neque
653 3417 719 3467 enim
743 3432 836 3474 nexus,
864 3432 940 3481 quem
963 3415 1028 3464 inter
1053 3415 1187 3465 Eumelum
1210 3421 1236 3463 et
1259 3414 1415 3479 Eurypylum

160 3500 324 3550 intercessisse
350 3500 412 3550 dicit
438 3500 476 3550 vir
502 3501 544 3550 ille
572 3503 671 3561 doctus,
701 3501 867 3551 demonstrari
894 3516 968 3567 posse
995 3516 1077 3566 neque
1104 3516 1169 3565 quae
1196 3500 1228 3549 de
1254 3499 1362 3548 Eumelo
1388 3499 1415 3548 in

159 3584 256 3649 Hygini
272 3595 367 3636 astron.
390 3587 425 3646 ΙΙ,
451 3586 481 3635 16
499 3586 643 3636 narratione
660 3587 773 3652 Meropis
792 3587 850 3635 loco
869 3585 1046 3635 subaudiendo
1065 3600 1094 3634 ac
1113 3585 1145 3634 de
1159 3584 1297 3633 Admeteae
1315 3582 1416 3632 fabulae

157 3671 319 3721 similitudine
337 3673 477 3732 contendit,
497 3673 641 3737 probabilia
658 3689 712 3722 esse
729 3672 791 3721 mihi
808 3672 935 3721 videntur.

243 3753 265 3819 1)
284 3756 400 3807 Herculis
426 3758 596 3808 adversarius:
631 3759 698 3808 Plut.
720 3775 765 3823 qu.
786 3759 831 3808 Gr.
851 3756 896 3822 58;
929 3755 1053 3820 Eurypyli
1073 3753 1159 3813 ¹lilius:
1192 3753 1274 3802 schol.
1303 3753 1413 3802 Theocr.

158 3841 218 3900 Vll,
241 3852 265 3903 5.

161 3949 164 3953 v
243 3921 268 3988 ²)
287 3926 404 3976 Herculis
420 3927 578 3977 adversarius
595 3927 761 3978 Chalcodon:
783 3927 906 3992 Apollod.
925 3926 961 3983 ΙΙ,
983 3937 1007 3988 7,
1026 3939 1051 3982 ις
1070 3923 1192 3989 Eurypyli
1209 3922 1275 3973 filius
1290 3922 1413 3981 Chabon,

158 4011 227 4059 cuius
254 4019 336 4060 statua
362 4012 395 4060 ad
421 4012 559 4061 Burinnam
585 4013 682 4062 iontem
709 4013 792 4062 Coum
818 4020 883 4060 erat:
911 4011 990 4060 schol.
1014 4011 1124 4060 Theocr.
1148 4009 1208 4068 VII.
1235 4019 1259 4071 5.
1305 4008 1415 4058 Eosdem

157 4095 290 4145 habendos
309 4111 362 4145 esse
380 4097 420 4146 vel
439 4097 553 4162 Heynius
571 4097 605 4146 ad
623 4096 747 4162 Apollod.
767 4096 786 4148 l.
804 4097 821 4146 l.
842 4096 982 4146 adnotavit.

243 4177 467 4246 NMpssq.
806 4208 808 4212 ·
895 4208 898 4212 Δ
