3142 4986
743 290 934 350 -4-

217 443 310 525 Quae
338 444 423 524 apud
454 443 653 523 Hesychium
667 467 668 470 ¹
682 464 706 504 s.
739 463 767 505 v.
797 442 940 524 μέροπες
969 442 1176 505 exhibentur:
1208 438 1277 509 ἀπὸ
1306 443 1468 529 Μέροπος

215 558 273 622 τοῦ
294 550 549 643 προφοέθονοος
565 557 664 618 Κιοοῦ
686 549 771 629 οἱοῦ,
795 553 1077 616 Wilamowitzium
1093 554 1216 633 (Herm.
1232 555 1353 630 XVIII,
1369 572 1390 633 4
1395 573 1428 634 31
1441 558 1466 637 I)

216 675 302 730 certe
332 666 520 728 emendasse
547 674 626 746 puto
656 686 729 727 cum
760 665 927 726 scriberet:
967 654 1038 729 ἀπὸ
1066 662 1229 748 Μέροπος
1256 667 1315 731 τοῦ
1342 663 1467 752 πατρὸς

217 777 406 855 Φαέθοντος
435 769 552 862 Κῴους
582 796 679 857 quem
710 777 818 837 statim
848 776 878 836 in
909 776 1050 837 medium
1073 775 1283 856 proferemus.
1327 777 1465 841 Praeter·

215 890 318 952 missis
348 889 432 950 enim
463 907 545 948 nunc
574 887 687 948 ceteris
714 906 796 966 quae
825 887 884 966 ipsi
909 884 979 947 Coo
1002 886 1129 967 Meropi
1158 887 1369 950 adnectuntur
1397 910 1466 969 per·

215 1002 301 1063 sonis
330 1001 393 1061 iam
423 997 652 1079 perlustremus
681 995 796 1058 heroes
825 997 941 1058 eodem
971 999 1099 1058 nomine
1129 1006 1271 1073 vocatos,
1302 998 1328 1059 si
1357 1001 1411 1078 qui
1435 1000 1465 1060 in

215 1111 328 1174 fabulis
351 1109 537 1191 quorumvis
553 1107 750 1170 Graecorum
774 1108 918 1169 locorum
941 1117 1119 1170 occurrunt.
1158 1108 1242 1169 Nam
1259 1109 1333 1170 nihil
1349 1131 1464 1172 causae

215 1234 264 1286 est
305 1222 393 1304 quod
430 1221 479 1282 isti
517 1219 632 1297 singuli
661 1221 783 1280 minore
814 1221 879 1280 iure
910 1219 1082 1300 Meropum
1111 1220 1265 1300 eponymi
1296 1229 1466 1300 certaeque

215 1336 374 1415 quaedam
397 1352 552 1414 personae
575 1329 796 1410 habeantur1).
855 1405 857 1408 y

299 1445 351 1506 Ac
384 1445 522 1525 primum
555 1462 641 1522 pono
673 1442 872 1522 Aethiopum
902 1461 1012 1522 regem
1042 1441 1226 1522 Meropem,
1263 1443 1351 1504 cuius
1381 1465 1465 1505 uxor

215 1557 372 1638 Clymene
402 1576 421 1616 a
451 1553 528 1615 Sole
550 1552 783 1615 Phaethontem
814 1553 905 1633 parit.
951 1551 1034 1614 Solis
1064 1562 1171 1614 autem
1203 1563 1235 1614 et
1257 1552 1464 1615 Phaethontis

216 1669 318 1740 sedeS,
360 1686 443 1746 quae
481 1666 511 1726 in
547 1664 653 1726 fabula
681 1663 901 1725 Phaethontea
930 1664 971 1725 ab
1001 1664 1153 1744 Euripide
1183 1674 1328 1726 enarrata
1361 1686 1463 1753 prope

214 1769 357 1859 Meropis
387 1776 581 1839 domicilium
612 1795 682 1836 esse
705 1773 847 1854 fingitur,
879 1775 1086 1836 celeberrIma
1108 1786 1176 1837 erat
1198 1778 1284 1856 apud
1307 1776 1461 1839 Rhodios

213 1890 291 1950 Inde
313 1887 454 1967 cogitare
478 1887 552 1948 licet
574 1884 763 1947 defabulari
780 1905 855 1965 rege
873 1883 947 1947 Cois
964 1885 1094 1960 insulae,
1117 1906 1213 1965 quam
1229 1886 1364 1949 Rhodiis
1380 1885 1463 1949 Solis

212 1992 310 2062 sacris
340 1999 383 2060 ita
412 1997 519 2060 fabula
548 1997 712 2071 immiscet,
743 2006 777 2057 ut
800 1994 976 2057 Candalum
1001 1995 1084 2081 Solis
1114 1996 1213 2059 filium
1241 1998 1360 2061 Rhodo
1390 1997 1462 2059 illuc

212 2111 395 2194 pervenisse
432 2110 548 2172 doceat
585 2107 690 2192 (Diod.
722 2108 769 2179 V,
803 2109 863 2188 57).
922 2106 1080 2186 Sequitur,
1100 2118 1215 2185 ¹autem
1252 2109 1460 2191 Aethiopiam

215 2222 412 2304 appellatam
435 2241 504 2282 esse
528 2219 598 2282 Con
621 2221 701 2281 sicut
723 2219 801 2280 alias
824 2218 941 2279 insulas
950 2218 984 2298 2).
1344 2199 1345 2202 Ἴ

297 2335 366 2396 Nec
395 2335 497 2414 magis
520 2333 689 2412 Meropem
718 2351 792 2391 eum
820 2330 874 2409 qui
903 2340 995 2411 pater
1021 2330 1180 2411 Epiones,
1211 2331 1399 2393 Machaonis
1429 2343 1461 2394 et

211 2446 358 2507 Podalirii
385 2445 502 2518 matris,
531 2442 753 2522 appellaturss),
778 2462 796 2502 a
819 2439 889 2503 Coo
912 2442 1069 2503 discernet
1092 2443 1117 2504 si
1140 2443 1211 2522 quis
1234 2452 1361 2524 reputat
1381 2462 1460 2522 quas

212 2568 319 2637 partes
341 2557 371 2617 in
395 2554 443 2617 Co
464 2549 801 2632 insula'Aesculapius
821 2554 966 2616 tenuerit.

297 2666 432 2726 Troicae
462 2663 548 2725 urbis
570 2663 724 2725 Percotae
754 2684 863 2743 regem
887 2663 1055 2744 Meropem
1081 2666 1119 2745 (B
1143 2666 1216 2746 831)
1241 2667 1285 2728 ita
1307 2667 1348 2728 ad
1371 2665 1459 2729 Coos

114 2841 115 2844 ,
212 2778 332 2840 rettulit
357 2775 621 2837 Wilamowitzius
646 2774 743 2854 (Isyll.
767 2796 798 2856 p.
824 2789 862 2853 52
885 2778 970 2855 adn.)
1001 2786 1035 2837 ut
1058 2774 1134 2839 Cois
1157 2776 1344 2858 Meropibus
1375 2779 1459 2839 idem

211 2888 559 2951 accidisse.c0ntendat
582 2886 669 2964 quod
685 2885 792 2965 Lyciis
808 2884 1029 2965 Cilicibusque,
1055 2897 1089 2949 ut
1104 2887 1269 2968 epicorum
1285 2889 1459 2951 carminum

212 3001 306 3062 rebus
328 2997 463 3059 immixti
487 2997 583 3057 etiam
607 2996 638 3056 in
660 2995 789 3058 Troade
812 3018 830 3058 a
853 2998 956 3078 poetis
979 3008 1182 3077 ponerentur.
1228 2999 1320 3062 Hanc
1342 3001 1459 3081 opinio·

211 3132 284 3173 nem
323 3110 379 3170 viri
416 3108 590 3169 doctissimi
625 3108 775 3188 amplecti
808 3127 949 3187 nequeo,
989 3110 1140 3190 quoniam
1176 3131 1250 3171 vere
1283 3111 1312 3171 in
1347 3109 1459 3172 fabulis

211 3221 348 3283 Troadis
369 3221 538 3315 Meropem
570 3219 749 3280 constitisse
779 3219 854 3280 mihi
883 3220 1022 3300 probant
1047 3220 1131 3282 filiae
1152 3222 1219 3282 eius
1242 3231 1273 3282 et
1297 3221 1457 3302 Arisbe4),

211 3352 293 3411 quae
320 3332 424 3412 primo
447 3339 532 3391 certe
553 3330 594 3391 ab
617 3350 655 3391 ea
677 3330 754 3391 urbe
777 3351 897 3392 nomen
915 3332 1007 3393 duxit
1030 3351 1112 3412 quae
1134 3331 1288 3392 Percotae
1311 3334 1459 3411 proxima

209 3639 279 3673 saera
302 3621 422 3687 Triopica
445 3621 552 3685 (Herod.
572 3622 593 3680 I,
618 3635 676 3683 144;
702 3622 782 3671 schol.
799 3623 908 3674 Theocr.
929 3624 1015 3680 XVII,
1037 3622 1082 3685 69;
1109 3614 1219 3692 Δώρεια
1242 3617 1275 3672 τὰ
1299 3623 1328 3673 ἐν
1349 3623 1456 3690 Κνίδῳι

208 3710 323 3759 Dittenb.
348 3708 403 3772 syll.
428 3724 466 3759 nr.
484 3706 561 3771 399),
587 3717 670 3757 tamen
694 3707 783 3772 quidni
805 3717 862 3757 ante
885 3710 966 3758 Dores
988 3707 1101 3756 instituta
1123 3722 1175 3755 esse
1198 3714 1319 3770 possunt?
1350 3709 1457 3774 Triopas

208 3803 273 3843 certe
292 3795 390 3844 Dorum
410 3794 515 3842 coloniis
532 3793 653 3842 vetustior
673 3803 718 3843 est.

295 3878 317 3939 ¹)
336 3882 369 3928 At
389 3880 438 3928 tale
456 3880 517 3943 quid
536 3888 620 3929 censet
639 3880 847 3928 Wilamowitzius
865 3882 952 3930 Herm.
971 3879 1072 3937 XVIII,
1094 3891 1152 3942 430.

293 3962 317 4028 ²)
335 3967 376 4013 De
398 3975 451 4014 tota
476 3983 501 4013 re
527 3967 641 4014 conseras
665 3966 885 4014 Wilamowitziirm
906 3967 993 4015 Herm.
1014 3965 1113 4030 XVIII,
1131 3965 1268 4030 396-434
1287 3978 1312 4015 et
1330 3968 1454 4031 Tuempe·

207 4051 268 4099 IIum
287 4051 409 4100 Fleckeis.
425 4052 512 4114 Jahrb.
534 4053 615 4116 suppl.
635 4053 707 4109 XVI,
731 4053 786 4116 165.

293 4132 316 4197 ³)
336 4135 422 4189 Schol.
443 4137 472 4184 Il.
496 4138 541 4194 IV,
566 4150 620 4201 195·

292 4219 315 4284 ⁴)
335 4222 421 4272 Schol.
440 4222 471 4272 Il.
490 4224 588 4280 XXIV,
608 4236 666 4285 497.
