3142 4986
682 288 934 353 -23—·

161 445 451 528 Hyperboreorum
481 451 566 504 terra
593 441 714 505 Delum
744 445 928 524 pervenisse
949 444 1097 506 dicuntur
1105 444 1139 524 1),
1171 444 1257 507 idem
1279 445 1310 505 in
1332 443 1416 506 hanc

161 557 246 620 cadit
268 555 357 637 quod
379 556 411 616 in
433 551 671 634 Hyperochum
695 551 963 634 Hyperboreum:
993 554 1060 617 scil.
1084 555 1206 617 eisdem
1228 553 1293 616 fere
1316 553 1415 616 Thes-

160 667 258 731 saliae
288 665 367 728 locis
395 664 548 726 vindicari
578 673 699 745 potest.
743 664 813 726 Nec
836 685 912 728 casu
935 667 1041 728 evenit
1062 675 1098 728 ut
1123 667 1285 729 maximae
1307 675 1416 747 partes

160 778 277 840 fuerint
305 776 429 837 Dianae
462 783 495 837 et
519 774 637 855 Jolci2)
670 784 704 837 et
733 775 841 838 Pheris
849 775 886 856 ³).
916 813 958 820 -
987 774 1052 839 Sed
1080 776 1161 840 haec
1190 779 1230 840 de
1260 776 1415 840 Ormenio

160 887 343 969 Eurypy10.
388 885 536 948 Alteram
565 885 678 948 sedem
699 885 789 947 heroi
811 884 908 948 luisse
928 887 970 948 ad
992 886 1249 968 Tymphrestum
1272 897 1417 950 montem

161 1008 194 1062 et
220 999 389 1060 Maliorum
421 998 453 1058 in
482 995 597 1058 finibus
606 997 632 1076 4)
664 1017 682 1057 e
711 995 940 1077 Lycophronis
969 1018 1020 1063 vv.
1047 999 1106 1078 895
1131 1018 1204 1080 sqq.
1234 998 1417 1080 exploravit

161 1109 319 1170 Maassius
355 1106 405 1187 (G.
430 1105 469 1169 G.
492 1107 534 1169 A.
563 1096 667 1187 1890,¹
685 1128 717 1188 p.
743 1123 805 1186 343
827 1107 898 1188 sq.).
954 1107 1045 1170 Idem
1078 1119 1111 1172 et
1144 1109 1417 1190 Peloponnesiaca

160 1219 320 1302 Eurypyli
342 1220 478 1300 vestigia
500 1219 641 1281 ostendit
664 1229 705 1293 et,
737 1218 826 1300 quod
847 1219 889 1280 ad
912 1220 1134 1300 quaestionem
1157 1219 1250 1281 nobis
1272 1222 1416 1301 proposi·

160 1342 227 1394 tam
263 1330 488 1411 gravissimum
526 1339 584 1404 est,
622 1329 806 1409 Minyarum
843 1329 980 1392 nationis
1015 1350 1089 1392 eum
1122 1333 1288 1412 proprium
1321 1329 1417 1394 luisse

160 1441 348 1524 Orcumque
371 1439 552 1522 significare
573 1440 773 1521 aliquantum
796 1439 947 1521 probavit
967 1440 998 1519 (l.
1022 1440 1041 1502 l.
1065 1461 1097 1522 p.
1122 1455 1181 1519 345
1205 1441 1276 1523 sq.).

243 1569 369 1650 Libyae
400 1570 485 1649 regis
506 1567 669 1648 Eurypyli
697 1567 739 1630 ad
761 1568 916 1648 originem
938 1568 1155 1648 indagandam
1177 1577 1300 1631 certum
1322 1568 1417 1631 offert

158 1680 403 1743 fundamentum
438 1679 537 1760 ipsius
565 1677 672 1740 herois
704 1698 778 1740 cum
811 1678 956 1760 nympha
984 1679 1036 1740 vel
1063 1679 1170 1760 potius
1198 1680 1260 1742 dea
1290 1678 1417 1759 Cyrene

159 1793 307 1855 societas.
352 1790 445 1852 Haec
474 1789 559 1851 enim
588 1788 695 1870 primo
725 1789 756 1849 in
778 1787 946 1851 Thessalia
974 1791 1129 1871 reperitur
1151 1792 1193 1852 ad
1214 1791 1336 1852 Pelium
1355 1790 1416 1872 Jol·
1480 1794 1484 1800 ’
1534 1777 1535 1780 “

159 1921 250 1976 cum;
286 1901 343 1963 sed
376 1921 416 1963 ne
450 1899 523 1962 inde
553 1899 625 1963 illos
653 1900 809 1962 ducamus
838 1899 889 1962 vel
921 1899 952 1961 id
981 1900 1126 1982 paullum
1148 1902 1297 1979 deterret,
1329 1903 1417 1984 quod
1492 1890 1495 1896 ’

160 2011 336 2074 Thessalus
365 2010 555 2092 Eurypylus
583 2010 773 2073 Euaemone
800 2009 851 2071 vel
880 2010 1099 2091 Hyperocho,
1128 2012 1232 2093 Libys
1261 2012 1417 2094 Neptuno

158 2321 243 2387 Opis).
285 2321 454 2372 Callimachus
475 2320 561 2385 hymn.
587 2320 664 2370 Dian.
687 2331 739 2379 204
761 2319 795 2368 ita
817 2318 892 2367 deam
916 2319 1067 2383 compellat:
1098 2315 1171 2372 Οὖπι
1195 2312 1292 2373 ἄνασσ’
1318 2317 1416 2373 adoino.

158 2408 235 2458 Estne
254 2424 268 2457 e
285 2424 349 2457 voce
367 2400 471 2466 εὐῶπις
488 2407 619 2455 decurtata
632 2397 732 2463 'linaei
753 2406 850 2453 Tamen
869 2421 919 2470 qua
937 2405 1034 2454 ratione
1054 2395 1145 2464 Οὖπις
1162 2405 1195 2454 ad
1213 2405 1280 2454 hanc
1297 2405 1418 2454 referatur

156 2493 251 2544 nescio.
272 2518 305 2528 ·-
325 2491 517 2542 Attendendum
542 2497 579 2540 est
602 2491 732 2540 heroiuam
751 2490 877 2541 Dianeam
900 2499 1004 2540 matrem
1022 2490 1115 2540 factam
1133 2506 1187 2541 esse
1206 2491 1336 2556 Eurypyli,
1364 2507 1416 2541 non

157 2579 237 2643 ipsam
261 2580 346 2641 deam,
371 2578 441 2628 cuius
464 2578 567 2642 quidem
586 2575 726 2641 virginitas,
753 2577 817 2626 sicut
836 2575 974 2638 Minervae,
1000 2576 1026 2625 in
1045 2576 1200 2626 Graecorum
1218 2576 1310 2625 fabulis
1327 2577 1415 2642 quales

157 2664 232 2712 nobis
250 2681 318 2714 nunc
336 2670 434 2713 exstant
451 2677 553 2727 prorsus
570 2661 623 2711 fere
641 2661 795 2712 dominatur.

244 2745 268 2804 1)
287 2748 386 2797 Herod.
401 2749 447 2809 IV,
462 2759 508 2812 35:
527 2740 611 2805 Ὠπις
627 2746 708 2810 (cuius
725 2746 869 2812 sepulcrum
887 2746 921 2794 ad
933 2745 1031 2795 Dianae
1044 2746 1183 2812 templum).
1209 2733 1314 2797 'Gallim
1327 2747 1415 2810 hymn.

159 2832 216 2880 Del.
235 2843 299 2890 292:
323 2822 421 2888 Οὗπις.

246 2912 270 2978 8)
287 2916 409 2980 Apollon.
427 2917 513 2966 Rhod.
533 2918 554 2976 1,
576 2927 620 2979 571
642 2932 714 2982 sqq.;
730 2909 858 2985 ’Ἀρτεμις
873 2910 993 2975 'Iulum
1014 2916 1113 2966 Mitteil.
1131 2918 1157 2967 d.
1175 2918 1260 2969 athen.
1273 2917 1335 2969 inst.
1348 2918 1410 2976 VII,

161 3012 189 3061 71
215 3016 253 3064 sq.

245 3081 269 3148 ³)
288 3086 328 3134 De
346 3085 430 3133 Diana
447 3085 558 3135 Pheraea
579 3087 695 3150 Sicyone,
714 3087 799 3150 Argis,
821 3087 929 3137 Athenis
946 3089 1028 3138 culta:
1048 3090 1122 3140 Paus.
1142 3089 1177 3147 ΙΙ,
1199 3100 1240 3150 23,
1262 3098 1286 3151 5.

245 3167 269 3233 4)
288 3171 347 3220 Hoc
371 3170 474 3234 quidem
496 3171 624 3220 concessit
648 3172 723 3220 etiam
747 3172 911 3237 Tuempelius
927 3171 1029 3235 (Philol.
1047 3173 1136 3221 XLIX
1157 3172 1223 3233 1890
1240 3188 1265 3236 p.
1285 3181 1334 3232 730
1351 3169 1418 3235 sqq.)

158 3263 267 3303 ceterum
286 3254 464 3319 Lycophronis
485 3270 572 3304 versus
597 3255 645 3304 alia
667 3256 782 3321 paullum
805 3272 835 3306 ac
852 3257 975 3307 Maassius
993 3258 1090 3306 ratione
1108 3257 1291 3322 interpretatus.
1328 3255 1416 3304 Utrum
1467 3282 1470 3287 ·

151 3328 296 3405 'Lycophro
321 3340 374 3404 lupi
394 3341 464 3406 quod
483 3349 587 3390 vocatur
608 3341 702 3406 lapidei
720 3343 820 3408 signum
838 3358 926 3408 reapse
944 3343 1008 3392 inter
1026 3341 1161 3392 Locridem
1178 3342 1367 3406 Phocidemque
1383 3357 1416 3389 an

158 3427 184 3473 in
202 3425 350 3474 Phthiotide
375 3425 546 3475 subaudiverit
570 3425 665 3475 dubius
690 3442 759 3487 sum;
785 3443 863 3491 porro
887 3427 932 3476 etsi
956 3428 988 3476 de
1006 3427 1068 3476 locis
1086 3443 1150 3492 quos
1167 3444 1192 3476 v.
1209 3438 1258 3491 905
1278 3442 1315 3491 sq.
1335 3416 1417 3496 (Ἶρὸν

156 3513 249 3563 τεκαὶ
270 3514 394 3582 Τρηχῖνα
413 3509 472 3577 etc.)
491 3520 569 3577 poeta
589 3510 669 3572 affert,
690 3512 755 3562 ultra
773 3513 908 3562 Maassium
927 3511 1022 3577 aliquid
1034 3519 1102 3560 recte
1114 3511 1239 3561 divinasse
1251 3512 1416 3577 Tuempelius

157 3596 219 3644 mihi
236 3597 344 3656 videtur,
365 3605 450 3646 tamen
467 3595 529 3645 mire
547 3597 639 3646 errarit
656 3597 689 3646 de
705 3597 797 3648 vocula
809 3594 1003 3668 Περραιβικήν,
1025 3612 1100 3661 quam
1113 3596 1209 3646 Gonno
1225 3595 1415 3660 adiungendam

157 3697 210 3730 esse
234 3690 313 3748 patet.
352 3683 446 3731 Nonne
470 3680 598 3747 aptissime
621 3688 689 3732 totus
711 3683 826 3732 locorum
851 3683 919 3732 orbis
941 3697 1025 3732 rursus
1047 3681 1172 3746 tripartito
1197 3682 1231 3730 ita
1248 3681 1412 3738 distribuitur,

157 3775 185 3816 ut
208 3767 264 3815 Irus
285 3773 311 3816 et
332 3766 437 3816 Trachis
460 3766 563 3817 Malidis
587 3767 734 3832 Eurypylo,
764 3767 873 3817 Gonnus
897 3775 922 3816 et
945 3766 1077 3816 Phalanna
1100 3765 1207 3824 Guneo,
1236 3765 1366 3814 Oloosson
1389 3773 1415 3814 et

157 3851 298 3900 Castanaea
321 3852 436 3902 Prothoo
460 3853 495 3917 (v.
512 3853 604 3902 Maass.
627 3852 645 3900 l.
665 3852 683 3902 l.
701 3868 726 3917 p.
745 3849 806 3915 344)
827 3851 993 3901 addicantur?
1013 3851 1119 3900 -Illis
1141 3851 1203 3901 locis
1221 3851 1317 3900 vicinus
1335 3850 1414 3914 Eury·

157 3937 218 4001 pylo
240 3943 294 3985 erat
315 3936 423 4002 Eurytus
446 3936 634 3996 Oechaliensis;
663 3936 762 4001 utrique
784 3937 878 3986 tributa
901 3945 939 3986 est
963 3935 1015 3984 filia
1036 3937 1141 4001 Dryope
1163 3935 1205 3999 (cf.
1224 3953 1250 4001 p.
1267 3933 1322 3999 45).
1364 3936 1414 3986 Hic

157 4021 232 4085 igitur
263 4022 418 4072 commisceri
447 4031 574 4089 poterant,
607 4039 635 4073 ac
667 4022 738 4087 quod
767 4021 924 4087 Phylarchus
954 4019 1045 4086 (schol.
1075 4022 1162 4086 Apoll.
1189 4022 1240 4072 Rh.
1266 4022 1312 4081 IV,
1336 4020 1413 4087 1561)

158 4107 315 4171 Cyrenaeum
335 4107 447 4166 heroem,
468 4111 510 4175 qui
528 4109 609 4176 vulgo
628 4108 779 4174 Eurypylus,
799 4117 873 4158 vocat
892 4109 1022 4172 Eurytum,
1040 4107 1067 4155 id
1084 4123 1186 4172 quoqne
1198 4105 1293 4156 indicio
1305 4116 1342 4155 est
1355 4106 1414 4155 hinc

156 4192 229 4241 illum
248 4191 362 4254 Cyrenen
381 4207 433 4241 esse
452 4195 606 4245 translatum.
