3142 4986
677 279 890 360 -63-

155 475 177 515 s.
202 456 245 534 v.)
266 453 285 518 i.
310 474 337 514 e.
363 473 488 515 ramum
518 451 569 514 vel
591 452 692 513 vitem
719 452 839 513 rettulit
863 450 1029 531 Scyllitam
1053 453 1317 534 comparavitque
1339 473 1412 515 cum

154 564 257 626 altero
295 562 366 625 Coo
404 562 534 624 Baccho
572 563 626 643 qui
661 569 794 623 vocatur
830 558 1043 646 Θυλλοφόρος
1078 565 1097 628 i.
1131 586 1158 627 e.
1196 565 1249 646 qui
1285 557 1414 635 θύλλαν

156 669 288 757 (κλάδον
309 664 331 761 ἢ
356 669 483 759 ψύλλαν
505 672 649 752 Hesych.
674 694 698 735 s.
715 674 759 750 v.)
782 674 873 753 gerit.
918 673 1030 754 Atque
1054 673 1147 737 huius
1169 693 1259 738 sacra
1280 674 1413 737 curabat

155 785 273 847 femina
307 786 467 858 sacerdos,
498 785 590 846 cuius
625 803 740 846 munus
774 793 968 864 perpetuum
1002 794 1071 847 erat
1101 787 1375 868 vendebaturque
1392 807 1417 848 a

156 896 301 970 civitate;
340 894 456 957 licebat
489 895 549 975 ipsi
582 884 762 957 inferiorem
794 895 997 957 sacerdotem
1032 886 1225 981 (ὖφιέρειαν)
1258 908 1413 979 cooptare

156 1006 290 1080 alteram
317 1007 420 1069 civem
449 1005 529 1086 (Pat.
552 1027 598 1068 nr.
623 1009 684 1086 27).
730 1004 907 1068 Sollemnia
937 1007 988 1068 dei
1018 1015 1104 1069 certe
1134 1027 1198 1068 non
1227 1007 1331 1070 minus
1353 1009 1414 1070 tria

157 1136 176 1178 a
199 1115 275 1181 Cois
305 1126 376 1178 acta
406 1136 478 1179 esse
507 1117 730 1178 demonstrant
762 1135 844 1196 quae
872 1125 1029 1178 vocantur
1050 1111 1214 1183 Διονύσια
1235 1113 1277 1182 τὰ
1297 1120 1414 1202 πρῶτα

157 1227 236 1306 (Pat.
260 1248 306 1289 nr.
334 1243 386 1306 133
410 1227 497 1290 Dub.
521 1248 553 1309 p.
582 1230 641 1308 12).
687 1223 760 1306 Qua
786 1247 820 1289 re
842 1237 951 1288 tamen
974 1248 1037 1290 non
1061 1227 1222 1310 flagitatur
1244 1238 1279 1291 ut
1300 1249 1413 1310 reapse

156 1349 221 1400 tres
251 1337 366 1401 luerint
395 1340 511 1401 diversi
532 1338 650 1401 Bacchi
671 1338 784 1412 cultuS,
809 1341 961 1420 quoniam
984 1342 1080 1401 etiam
1103 1338 1242 1401 Athenis
1264 1347 1313 1401 ter
1334 1339 1413 1401 cele-

156 1448 330 1512 brabantur
353 1449 421 1512 dies
444 1448 524 1524 sesti,
549 1450 630 1511 inter
654 1468 736 1528 quos
751 1449 882 1511 Lenaea
897 1459 930 1511 et
944 1449 1153 1512 Anthesteria
1168 1451 1209 1512 ad
1223 1449 1413 1513 Limnaeum

155 1559 330 1634 Bacchum,
356 1581 474 1641 magna
490 1559 648 1640 Dionysia
671 1561 713 1621 ad
728 1559 959 1635 Eleuthereum
982 1562 1172 1628 attinebant.
1210 1560 1289 1623 Erat
1305 1571 1413 1623 autem

156 1691 229 1737 mos
250 1672 282 1733 in
306 1670 381 1734 Cois
405 1671 486 1733 ludis
509 1681 546 1733 ut
567 1691 687 1752 praeco
710 1691 800 1733 sacer
822 1666 1018 1755 (λεροκᾶρυξ)
1038 1671 1259 1753 promulgaret
1275 1671 1415 1735 honores

156 1783 317 1861 quosdam
345 1782 473 1863 publice
503 1783 640 1862 cuipiam
671 1783 809 1844 tributos
837 1782 917 1862 (Pat.
941 1803 987 1851 nr.
1014 1797 1040 1862 5,
1069 1801 1115 1864 13,
1144 1786 1202 1863 14).
1247 1783 1291 1846 Et
1315 1804 1413 1865 pone-

155 1893 251 1957 batur
280 1903 454 1970 certamen,
485 1893 634 1956 videlicet
665 1895 695 1955 in
717 1893 845 1956 theatro
867 1894 947 1974 (Pat.
971 1914 1016 1956 nr.
1045 1898 1104 1975 13),
1136 1897 1292 1957 musicum
1315 1895 1413 1958 chori·

156 2025 231 2067 cum
261 2005 459 2078 scaenicum,
492 2004 534 2066 ad
564 2006 653 2084 quod
684 2005 850 2086 proprium
879 2024 1095 2086 unaquaeque
1117 2006 1258 2068 tribuum
1279 2005 1413 2068 chorum

156 2117 343 2198 praebuisse
377 2116 518 2190 videtur;
548 2116 727 2196 agebantur
753 2136 831 2177 vero
856 2116 902 2177 :ab
933 2117 993 2189 eis,
1038 2116 1147 2196 quoad
1176 2116 1273 2179 docet
1306 2117 1414 2182 titulus

159 2227 245 2292 Cous
275 2228 343 2290 Pat.
376 2249 421 2291 nr.
444 2241 497 2306 45,
523 2227 598 2303 a,b
627 2226 716 2306 (bull.
748 2227 789 2290 de
818 2247 899 2288 corr.
923 2225 1003 2287 XIV
1027 2246 1059 2306 p.
1085 2241 1150 2307 299
1172 2229 1234 2307 sq.)
1263 2237 1296 2291 et
1325 2247 1414 2308 pom-

156 2358 199 2420 pa
220 2339 353 2401 chorica
376 2348 409 2401 et
434 2332 602 2424 κυκ[λικὸς
626 2333 735 2423 χορός]
758 2346 791 2400 et
813 2336 941 2400 fabulae
964 2338 1144 2419 (comicae).

242 2450 407 2513 Artamitii
420 2450 472 2512 die
484 2449 555 2511 XII.
564 2449 607 2511 ad
618 2447 783 2510 Bacchum
794 2449 881 2510 adire
893 2457 1104 2530 praeceptum
1116 2458 1185 2511 erat
1200 2448 1279 2529 (Pat.
1292 2469 1337 2513 nr.
1350 2452 1414 2528 43).

242 2561 372 2643 Templi
406 2561 494 2624 nulla
526 2561 647 2622 mentio
677 2559 729 2636 fit;
761 2570 795 2622 at
824 2581 913 2623 aram
942 2562 1004 2623 deo
1034 2560 1066 2621 in
1094 2559 1164 2623 soro
1195 2559 1290 2623 fuisse
1319 2561 1415 2623 docet

156 2672 267 2734 titulus
290 2673 352 2747 ille,
382 2693 478 2754 quem
503 2672 608 2734 adhuc
630 2670 794 2734 Rhodium
816 2671 962 2734 habitum
984 2674 1160 2734 certissime
1183 2671 1259 2735 Cois
1279 2673 1414 2734 vindica·

156 2784 202 2845 vit
225 2784 501 2863 Dittenbergerus‚
533 2783 574 2845 de
600 2804 680 2851 sacr.
704 2782 810 2844 Rhod.
834 2783 873 2858 ΙΙ,
897 2803 928 2865 p.
958 2785 1082 2846 10-16
1104 2783 1183 2863 (Pat.
1207 2804 1253 2844 nr.
1283 2800 1329 2856 10,
1353 2784 1413 2846 col.

156 2894 200 2965 A,
224 2915 253 2956 v.
280 2910 318 2974 27
343 2897 418 2975 sq.).

245 3004 409 3068 Bacchum
431 3026 504 3067 cum
527 3005 681 3087 Apolline
704 3005 891 3082 colligatum
914 3026 1010 3086 supra
1034 3005 1197 3082 attigimus
1222 3007 1266 3086 (p.
1289 3005 1352 3084 60).

243 3117 356 3178 Isthmi
388 3125 534 3196 repertus
564 3125 613 3177 est
645 3116 742 3196 lapis,
775 3117 805 3176 in
828 3137 894 3196 quo
918 3117 998 3178 haec
1021 3135 1124 3196 pauca
1146 3115 1245 3177 verba
1267 3114 1416 3196 leguntur

159 3217 1417 3311 (Ρειῐ.ητ.437);ερ......1αγρουτ....ΙΛιονυσωΚ....Ι(λνδρες
1455 3237 1456 3243 ’

158 3361 246 3408 αν..
267 3339 272 3421 l
297 3335 477 3403 Τελευτίαν.
1034 3346 1036 3350 ’

243 3450 382 3513 Duobus
405 3449 567 3511 mensibus
590 3447 666 3511 Cois
688 3471 707 3510 a
722 3448 851 3510 Baccho
874 3469 992 3511 nomen
1014 3448 1149 3536 inditum
1168 3457 1226 3522 est,
1250 3447 1416 3528 Agrianioi

158 3573 191 3623 et
221 3562 436 3624 Theudaesio.
485 3554 688 3644 Ἀγριάνιος,
725 3561 778 3641 qui
810 3561 885 3641 quia
915 3561 1011 3622 etiam
1042 3559 1157 3622 obvius
1190 3558 1226 3621 lit
1252 3570 1284 3621 et
1322 3557 1419 3621 Rhod

160 3671 338 3752 Calymnae
374 3682 406 3734 et
440 3673 585 3753 Byzantii
620 3670 782 3751 (Bischoff.
815 3693 846 3753 p.
873 3673 943 3753 381,
970 3673 1059 3750 374),
1092 3671 1132 3731 ad
1166 3670 1417 3751 Peloponnesios

159 3783 248 3858 redit,
270 3784 355 3845 idem
379 3794 429 3846 est
446 3793 543 3864 atque
563 3784 736 3845 Boeoticus
756 3784 873 3844 mensis
893 3774 1087 3865 Ἀγριώνιος
1102 3780 1265 3861 (Bischofl.
1282 3802 1313 3861 p.
1332 3785 1415 3862 344).

158 3895 249 3956 Nam·
270 3896 338 3955 dies
369 3894 439 3957 sesti
473 3888 655 3979 Ἀγριάνια
674 3884 897 3977 (Ἀγριώνια),
932 3895 973 3954 ad
1004 3914 1086 3974 quos
1117 3894 1180 3954 iam
1207 3893 1330 3972 pridem
1359 3892 1415 3952 viri

159 4006 247 4066 docti
268 4005 358 4066 illum
383 4007 573 4068 rettulerunt
597 4006 776 4085 (BergkiuS,
800 4005 896 4066 Beitr.
922 4026 946 4065 z.
969 4004 1087 4084 griech.
1111 4003 1199 4065 Mon.
1216 4024 1247 4084 p.
1263 4019 1306 4082 49
1321 4007 1414 4083 sqq.)‚

160 4127 192 4177 et
215 4115 256 4176 ab
278 4115 410 4195 Argivis
434 4125 466 4177 et
489 4138 507 4177 a
530 4116 694 4178 Thebanis
714 4115 1003 4194 Orchomeniisque
1025 4115 1176 4177 celebrati
1198 4135 1268 4176 esse
1291 4115 1415 4176 tradun-

159 4237 211 4289 tur
234 4227 393 4306 (Hesych.
418 4247 443 4290 s,
461 4248 508 4301 v.;
532 4228 612 4289 titul.
637 4226 782 4288 Theban.
807 4228 837 4288 in
860 4226 966 4287 athen.
991 4226 1116 4291 Mitteil,
1135 4224 1207 4298 VII,
1224 4245 1255 4305 p.
1275 4241 1336 4304 349
1351 4245 1414 4305 sq.;

159 4338 241 4401 Plut.
268 4358 321 4417 qu.
347 4336 401 4399 Gr.
429 4339 488 4414 38).
533 4336 625 4416 Quos
656 4340 696 4400 ad
727 4323 894 4399 bacchum
920 4337 1108 4416 pertinuisse
1137 4358 1179 4398 ex
1205 4337 1250 4398 eis
1271 4338 1416 4418 partibus
