3142 4986
685 300 898 361 ..14-

162 455 252 536 quod
283 455 350 518 aliis
380 454 495 518 fabulis
524 455 671 518 tribuitur
700 453 863 536 Neptuno.
915 453 959 517 Et
988 453 1061 515 hinc
1089 461 1123 515 et
1149 453 1234 517 illinc
1263 475 1323 517 suo
1353 455 1421 517 iure

163 565 296 647 collegit
321 565 349 646 J.
379 565 573 628 Boehlavius
603 565 744 645 (Bonner
773 563 865 628 Stud.
897 586 928 647 p.
957 567 1027 646 127)
1061 564 1179 627 Butam
1215 565 1311 628 istum
1349 586 1421 628 esse

83 730 86 736 .
164 676 270 757 ipsum
294 677 452 740 marinum
475 676 572 740 deum
587 676 785 757 Neptunum.
823 676 877 739 Ac
899 695 1095 758 quamquam
1118 695 1183 755 qua
1205 677 1328 739 ratione
1350 687 1421 739 orta

164 789 205 850 sit
227 786 394 868 Apollonii
425 785 541 860 fabula,
571 786 638 852 scil.
661 785 811 867 Elymaei
834 785 1000 866 Atticique
1029 786 1134 848 herois
1161 787 1308 861 societas,
1339 786 1421 849 diffi-

163 897 222 961 cile
246 908 296 960 est
317 918 377 979 pro
401 906 489 960 certo
510 895 715 978 affirmatu1),
739 906 848 959 tamen
867 897 1014 978 primitus
1028 906 1115 959 certe
1130 897 1307 977 Elymaeus
1322 898 1420 960 Butes

163 1030 222 1092 per
256 1030 291 1072 se
324 1008 510 1071 constabat:
549 1007 650 1082 hunc,
684 1009 766 1070 sicut
795 1007 934 1088 Elymos
964 1006 1015 1087 (cl.
1038 1028 1069 1089 p.
1093 1010 1143 1088 9),
1177 1008 1218 1069 ad
1245 1008 1420 1072 Arcadiam

163 1140 324 1184 recurrere
347 1119 423 1181 mihi
446 1127 496 1181 est
518 1138 717 1200 persuasum.
756 1118 917 1199 Psophide
940 1119 1033 1192 enim,
1060 1119 1091 1180 in
1113 1119 1228 1200 Erycis
1249 1119 1420 1200 Erycinae·

165 1253 227 1314 que
250 1231 388 1293 Veneris
410 1231 497 1303 sede,
522 1230 646 1293 etiamsi
666 1229 769 1292 Butae
791 1229 890 1311 ipsius
913 1230 1068 1292 memoria
1089 1229 1205 1292 obruta
1230 1240 1289 1303 est,
1312 1239 1421 1292 tamen

164 1344 243 1406 satis
274 1362 346 1404 esse
374 1341 500 1403 videtur
530 1341 618 1423 quod
648 1339 827 1402 fabularum
857 1340 964 1402 socius
987 1339 1113 1421 Clytius
1138 1341 1284 1403 occurrit.
1329 1339 1421 1404 Haec
1467 1347 1468 1350 ’

163 1475 241 1517 vero
258 1455 351 1534 origo
373 1452 400 1514 si
422 1451 617 1526 conceditur,
641 1472 681 1513 ne
703 1451 736 1514 id
758 1452 889 1531 quidem
912 1452 1022 1533 negari
1043 1451 1142 1514 debet
1162 1451 1213 1515 vel
1233 1453 1263 1514 in
1281 1452 1421 1515 Arcadia

164 1585 237 1627 eam
273 1564 541 1626 necessitudinem
572 1568 700 1645 qualem
735 1563 875 1626 diximus
905 1564 986 1625 inter
1014 1563 1132 1625 Butam
1160 1583 1199 1625 ac
1232 1563 1420 1645 Neptunum

163 1674 352 1739 interfuisse.

251 1783 317 1848 Sed
350 1785 382 1847 in
415 1805 456 1847 eo
485 1793 535 1847 est
564 1793 600 1848 ut
628 1786 671 1847 ad
701 1782 787 1846 Coas
817 1783 941 1846 fabulas
968 1785 1146 1848 redeamus.
1199 1783 1420 1866 Cognovimus

164 1895 261 1976 igitur
282 1895 381 1976 Clytii
406 1893 574 1976 Butaeque
604 1896 748 1958 intimam
778 1895 967 1958 societatem
976 1895 1000 1976 Ξ)
1032 1897 1105 1959 inde
1131 1895 1173 1959 ab
1202 1897 1344 1959 Arcadia
1373 1917 1421 1958 us·

165 2027 229 2087 que
259 2009 300 2070 ad
331 2007 474 2070 Atticam
505 2027 608 2087 aeque
637 2008 817 2084 conditam;
855 2007 989 2069 alteram
1017 2007 1110 2070 huius
1138 2010 1264 2089 partem
1292 2007 1420 2088 agnovi-

165 2139 237 2180 mus
265 2119 297 2180 in
321 2117 369 2180 Co
392 2118 495 2182 insula
517 2116 659 2198 Clytiam
684 2153 723 2164 -
747 2119 936 2199 indagemus
959 2119 1092 2182 Butaml
1131 2117 1200 2182 Coa
1221 2128 1291 2182 erat
1313 2118 1421 2181 fabula

164 2230 206 2292 de
228 2225 587 2310 Neptuno'Polybotae
609 2230 775 2292 cuiusdam
799 2227 944 2310 Gigantis
966 2231 1160 2303 adversario,
1192 2251 1275 2312 quae
1297 2229 1421 2311 vulgari

165 2337 455 2420 Gigantomachiae
478 2341 521 2402 ita
543 2341 692 2402 immixta
714 2349 772 2415 est,
797 2349 832 2402 ut
846 2339 1016 2421 Neptunus
1042 2339 1130 2401 illum
1153 2339 1226 2402 inde
1249 2339 1423 2422 aPhlegra

165 2449 197 2514 h.
218 2471 245 2514 e.
262 2450 390 2514 Pallene
413 2471 471 2532 per
494 2470 582 2513 mare
605 2450 781 2532 fugientem
803 2461 991 2532 persecutus
1013 2451 1188 2514 abscissam
1205 2453 1280 2515 Cois
1302 2452 1422 2514 insulae

164 2569 301 2642 partem,
325 2582 407 2642 quae
430 2563 545 2624 deinde
564 2561 735 2646 Nisyrus³l
757 2561 943 2636 vocabatur,
968 2563 999 2624 in
1021 2582 1096 2624 eum
1121 2562 1295 2626 coniecisse
1319 2584 1422 2626 narra·

166 2679 253 2733 retur
277 2672 442 2752 (Mayerus
465 2672 484 2736 l.
509 2672 530 2738 l.
552 2693 584 2754 p.
606 2689 664 2750 403
693 2690 749 2753 193
774 2675 868 2754 sqq.).
914 2673 1083 2736 Habemus
1110 2674 1205 2754 igitur
1226 2674 1422 2755 Polybotam

166 2782 296 2864 qualern
318 2781 451 2845 Butam:
477 2783 660 2861 Gigantem,
683 2805 741 2866 per
762 2803 851 2847 mare
874 2794 1048 2857 natantem,
1073 2805 1146 2846 cum
1161 2785 1315 2868 Neptuno
1339 2786 1422 2848 colli·

167 2902 280 2975 gatum
303 2931 345 2942 —
367 2903 409 2968 at,
441 2904 475 2958 ut
505 2896 640 2972 videtur,
672 2895 728 2958 tali
758 2894 823 2958 lere
854 2896 977 2958 ratione
1003 2905 1038 2958 ut
1067 2915 1142 2957 eum
1165 2916 1295 2979 quoque
1318 2897 1423 2978 ipsum

166 3005 354 3088 Neptunum
384 3027 454 3069 esse
485 3005 621 3070 sortasse
651 3008 810 3089 quispiam
837 3016 944 3088 neget.
991 3005 1056 3070 Sed
1080 3009 1286 3071 recordemur
1308 3009 1423 3071 heroes

255 3212 278 3278 ¹)
298 3213 509 3263 Wilamowitzius
541 3212 655 3279 (Heracl.
687 3215 709 3270 Ι,
736 3213 799 3272 281,
831 3211 901 3278 adn.)
933 3214 1051 3278 opinatur
1082 3214 1152 3264 illam
1181 3224 1239 3280 post
1268 3215 1423 3266 Siciliensem

167 3299 361 3348 Atheniensium
385 3299 573 3364 expeditionem
598 3298 739 3347 consectam
760 3314 813 3347 esse
837 3299 869 3348 ab
892 3299 984 3348 horum
1007 3300 1184 3364 sociorumque
1208 3301 1356 3366 Elymorum
1379 3303 1423 3349 ad·

167 3383 292 3444 versariis,
315 3383 475 3447 potissimum
493 3383 664 3448 Syracusanis.

255 3464 278 3533 Β)
297 3469 369 3517 Haec
392 3485 445 3518 non
469 3469 591 3518 mittenda
614 3478 652 3518 est
674 3484 731 3517 cum
754 3469 786 3517 de
810 3469 863 3518 deis
886 3469 988 3519 marinis
1011 3480 1036 3520 et
1059 3471 1144 3520 inieris
1162 3472 1260 3536 saepius
1284 3471 1424 3535 congressis

169 3554 282 3619 quaestio
306 3552 343 3603 fit.
380 3555 470 3602 Butam
494 3563 519 3603 et
543 3571 600 3604 cum
623 3554 705 3619 Aegle
729 3555 857 3604 Coronide
879 3563 904 3604 et
927 3572 985 3604 cum
1010 3556 1138 3605 Chthonia
1162 3557 1334 3606 consociatum
1358 3565 1424 3606 recte

167 3639 303 3704 explicavit
320 3639 472 3688 Boehlavius
490 3640 518 3703 (l.
536 3640 553 3689 l.
572 3657 597 3705 p.
619 3653 675 3704 134,
693 3638 767 3703 137);
788 3640 856 3689 idem
874 3641 950 3690 etiam
968 3642 1116 3705 Neptunum
1137 3641 1180 3704 qui
1198 3650 1302 3690 vocatur
1318 3636 1424 3711 φυτάλ-

168 3742 234 3796 μιος
252 3734 310 3790 apte
330 3725 413 3774 attulit
431 3722 469 3790 (p.
490 3723 559 3789 138).
595 3726 698 3774 Addere
720 3725 794 3774 liceat
815 3726 929 3791 Neptuni
948 3726 1092 3790 Cererisque
1110 3725 1256 3774 societatem
1274 3727 1424 3776 Arcadicam

175 3810 206 3860 ci.
225 3827 250 3875 p.
271 3807 322 3873 7⁴),
349 3826 396 3859 nec
421 3826 473 3860 non
497 3811 652 3860 Chthonium
671 3810 784 3875 Neptuni
810 3820 835 3860 et
858 3812 946 3873 Symes
973 3810 1051 3859 tilium
1071 3808 1161 3874 (Diod.
1179 3811 1212 3866 V,
1234 3807 1286 3875 53).
1313 3838 1344 3846 —
1368 3813 1424 3860 Hac

169 3895 266 3944 ratione
284 3896 404 3960 explicari
423 3895 472 3943 iam
491 3905 560 3960 patet
580 3894 619 3959 (ut
637 3905 751 3945 anteeam
770 3897 947 3962 disputationis
965 3893 1058 3960 cursui)
1077 3895 1222 3961 ‘Cererique
1236 3913 1334 3946 sacrum
1349 3899 1424 3962 Poly·

169 3981 259 4030 boten'
279 3980 367 4045 (Verg.
388 3983 454 4030 Aen.
475 3982 520 4041 Vl,
539 3981 600 4044 484)
619 3984 722 4039 Troem,
743 3982 856 4046 primitus
874 3999 934 4032 vero
953 3982 1004 4030 slve
1023 3982 1104 4046 ipsum
1119 3981 1201 4030 Coum
1218 3982 1421 4039 siveArcadem;

169 4066 245 4115 aliam
264 4066 387 4115 rationem
405 4067 452 4116 sibi
471 4068 543 4116 finxit
560 4069 678 4133 Mayerus
696 4083 722 4132 p.
740 4080 782 4130 43.

255 4149 279 4217 ³)
299 4153 430 4203 cf.c0a1n
449 4163 550 4218 gentem
568 4153 771 4218 Nisyriadarum:
790 4153 871 4203 Paton
889 4160 914 4202 et
926 4152 1015 4210 Hicks,
1036 4152 1109 4201 inser.
1122 4168 1159 4201 nr.
1172 4153 1230 4216 368,
1246 4154 1296 4203 col.
1311 4155 1357 4215 Vl,
1373 4153 1421 4216 38;

170 4238 279 4297 Dubois,
299 4239 331 4288 de
351 4239 388 4287 Co
406 4240 488 4288 insula
506 4257 531 4306 p.
550 4252 591 4304 35.
