3142 4986
670 255 882 334 „56-

148 426 195 505 ¹de
217 424 376 488 Hecate
399 423 517 489 Stratia
547 445 632 508 quae
652 435 684 493 et
706 426 739 489 in
758 426 828 508 ipsa
850 425 899 493 Co
923 425 1000 491 urbe
1022 425 1147 506 (Patou.
1170 446 1217 492 ur.
1239 425 1350 507 401)¹)
1374 435 1407 488 et

154 536 186 601 in
208 536 314 598 media
336 536 471 618 insula2)
494 535 669 606 colebatur.
705 537 850 617 Laginae
872 536 1005 619 quidem
1025 537 1056 598 in
1078 556 1160 619 agro
1174 535 1407 605 Stratonicensi

154 647 328 711 exstabant
356 647 496 711 Hecates
529 669 621 714 sacra
648 649 801 714 Romana
828 649 1031 731 potissimum
1061 656 1169 713 aetate
1198 646 1408 714 celeberrima

156 756 207 837 (ci.
232 759 371 820 maxime
394 758 470 823 bull.
494 759 534 822 de
556 780 638 824 corr.
657 759 713 834 XI,
731 773 748 842 5
764 760 867 841 sqq‚);
891 759 963 824 iride
986 759 1081 839 igitur
1103 756 1287 825 tere-coam
1311 759 1408 824 deam

156 888 227 930 esse
248 869 383 950 petitam
403 869 570 951 probabile
587 869 679 955 est⁸)‚
703 879 736 933 at
752 890 865 936 uereor
881 891 920 934 ne
937 890 1003 936 non
1017 879 1087 936 tam
1103 869 1241 952 antiquis
1257 869 1410 950 tempori·

156 979 225 1054 bus,
253 999 349 1059 quam
372 980 529 1062 Rayetius
552 990 585 1050 et
605 981 784 1046 Duboisius
804 983 847 1061 (p.
871 997 912 1058 42
935 985 996 1060 sq.)
1019 980 1219 1047 arbitrantur.
1265 979 1321 1045 Ab
1344 979 1408 1042 He·

152 1099 227 1172 ¹cate
257 1089 345 1153 Coos
373 1092 453 1154 mire
482 1092 601 1154 multos
632 1094 685 1174 (cr.
713 1091 842 1157 XVIII:
873 1091 917 1161 cf.
943 1093 1011 1160 Pat.
1033 1093 1096 1155 ind.
1119 1113 1151 1175 p.
1177 1094 1250 1172 370)
1277 1091 1410 1159 nomina

157 1202 329 1282 sumpsisse
351 1211 384 1264 et
405 1202 540 1266 Dubois.
564 1223 596 1284 p.
618 1219 663 1284 43.
683 1211 717 1269 et
738 1202 978 1283 Dittenberger.
1001 1202 1019 1264 l.
1044 1204 1064 1269 l.
1087 1223 1120 1286 p.
1144 1217 1178 1283 15
1204 1221 1251 1282 sq.
1276 1203 1410 1270 adnota-

154 1321 276 1374 verunt.

240 1423 356 1485 Restat
384 1423 531 1505 Juppiter
562 1423 698 1498 Pluvius
738 1425 792 1504 qui
826 1425 857 1489 in
890 1426 987 1489 demo
1022 1425 1163 1507 quodam
1195 1423 1316 1490 insulae
1350 1425 1409 1504 (sc.

158 1532 392 1612 Antimachiae,
421 1535 447 1596 si
476 1533 549 1595 loco
572 1533 625 1596 ubi
646 1535 756 1602 titulus
777 1536 844 1600 Pat.
868 1556 914 1600 nr.
939 1537 1009 1617 382,
1033 1535 1119 1599 Dub.
1140 1555 1174 1616 pt
1199 1551 1240 1615 39
1262 1543 1411 1616 repertus

158 1652 207 1706 est
237 1643 398 1708 confidere
427 1645 513 1726 licet)
543 1666 561 1708 a
588 1645 713 1726 privato
743 1646 899 1711 sodalicio
927 1645 1094 1714 colebatur
1122 1646 1209 1727 quod
1231 1655 1352 1711 vocant
1371 1640 1412 1710 τὸ

156 1749 267 1820 κοινὸν
288 1756 354 1820 τῶν
376 1755 668 1839 συμπορευομένων
688 1751 782 1845 παρὰ
800 1754 871 1823 Δία
888 1747 1024 1823 Ὑέτιον.
1060 1757 1104 1818 Hi
1118 1777 1161 1822 ex
1175 1757 1302 1842 potiore
1316 1767 1411 1838 parte

157 1867 242 1928 cives
269 1867 359 1930 istius
387 1868 471 1929 demi
502 1867 597 1932 luisse
619 1869 774 1941 uidentur,
804 1889 846 1930 ex
869 1867 969 1935 altera
991 1878 1099 1933 autem
1120 1877 1212 1948 parte
1234 1868 1331 1935 etiam
1354 1868 1411 1930 ho-

159 1977 260 2041 mines
289 1976 485 2063 alienigenae
513 1979 564 2041 vel
594 1979 687 2045 servi.
731 1979 816 2044 Nam
846 1979 879 2041 in
907 1981 977 2063 ipso
1005 1978 1099 2042 titulo
1122 1985 1233 2060 aperte
1254 1977 1413 2045 indicatur

159 2079 311 2171 ὗποόοχὰ
330 2091 394 2154 τῶν
416 2090 562 2172 δαμοτᾶν
583 2087 640 2154 καὶ
663 2093 727 2155 τῶν
750 2080 857 2154 ditm
879 2084 1029 2168 πάντως
1048 2089 1137 2172 quod
1159 2109 1240 2151 vero
1257 2089 1412 2170 deinceps

156 2182 216 2262 soli
239 2193 381 2284 δαμόται
404 2201 588 2276 afferuntur,
611 2202 751 2267 breviter
769 2202 895 2264 dicendi
917 2221 1013 2267 causa
1036 2198 1225 2282 significatio
1248 2221 1268 2262 a
1282 2200 1412 2281 potiore

157 2311 258 2392 petita
280 2312 374 2392 est4).
394 2347 436 2358 -
459 2310 651 2375 Sacerdotes
673 2321 829 2375 vocantur
849 2297 1032 2397 ἐπιμήνια.
1069 2309 1244 2392 Templum
1266 2312 1329 2375 deo
1345 2332 1413 2377 non

159 2421 255 2485 fuisse
284 2423 418 2499 videtur,
448 2424 505 2485 sed
535 2425 761 2488 tantummodo
791 2443 855 2497 ara,
887 2424 918 2485 id
940 2423 1029 2505 quod
1050 2423 1163 2491 suadet
1186 2442 1224 2485 ea
1246 2442 1297 2489 res
1321 2423 1414 2502 quod

159 2535 322 2596 decretum
350 2534 492 2597 sodalicii
518 2535 551 2598 in
580 2535 686 2616 lapide
716 2535 849 2596 incisum
879 2536 1008 2618 ponitur
1036 2528 1107 2618 πὰρ
1136 2527 1192 2600 τὸν
1220 2527 1332 2616 βωμὸν
1353 2535 1414 2600 τοῦ

158 2636 251 2726 Διός,
279 2665 352 2705 cum
380 2645 456 2707 alias
486 2647 615 2714 decreta
644 2645 721 2726 poni
750 2645 875 2710 soleant
905 2642 939 2708 ἕν
966 2646 1012 2730 τῷ
1041 2639 1118 2730 ἱερῷ
1142 2645 1198 2711 τοῦ
1220 2644 1320 2709 δεῖνα.
1367 2645 1414 2714 Et

162 2754 306 2837 pluvium
329 2756 424 2817 deum
446 2776 523 2818 sane
546 2756 605 2818 sub
628 2757 703 2818 diuo
725 2765 834 2821 tenere
857 2757 968 2819 sedem
990 2755 1084 2822 decet
1092 2757 1127 2836 ⁵).

246 2866 282 2929 In
297 2868 436 2929 nummis
452 2865 527 2930 Cois
542 2867 627 2929 lovis
643 2868 751 2948 imago
767 2867 961 2948 conspicitur
975 2866 1112 2929 Neronis
1126 2875 1247 2933 aetate:
1264 2866 1415 2936 Mionnet

160 2977 265 3060 suppl.
289 2976 345 3052 VI,
369 2998 401 3058 p.
428 2979 499 3057 580.

245 3089 422 3151 Hominum
452 3090 582 3152 nomina
605 3088 747 3153 Coorum
771 3090 812 3152 ab
835 3110 876 3155 eo
898 3090 1041 3155 derivata
1064 3098 1137 3155 sunt
1160 3087 1225 3151 iere
1248 3087 1346 3150 XXV
1370 3092 1414 3169 (ν,

159 3199 226 3264 Par.
250 3201 313 3269 ind.
336 3222 368 3282 p.
392 3199 523 3282 369i7o;
549 3202 631 3281 372).

247 3438 551 3521 Aesculapius,
586 3448 719 3520 propter
751 3459 848 3520 quem
878 3437 945 3505 Cos
972 3438 1073 3505 insula
1102 3455 1263 3504 summam
1292 3436 1414 3503 famam

160 3549 280 3632 adepta
301 3560 359 3624 est,
383 3550 492 3630 plures
514 3551 556 3617 ibi
578 3552 671 3614 sedes
693 3548 814 3615 habuit.

247 3721 269 3787 ¹)
289 3721 327 3771 Eo
346 3722 416 3787 quod
435 3723 468 3770 ibi
487 3723 577 3786 legitur
592 3715 710 3790 Ἐκ]άτᾳ
730 3721 764 3791 tp
783 3715 874 3778 πόλει,
895 3721 944 3770 alia
962 3722 988 3770 in
1006 3721 1087 3770 insula
1104 3721 1167 3769 deae
1182 3721 1254 3769 sedes
1267 3702 1413 3785 opponitur.

246 3806 270 3874 ¹)
287 3809 443 3858 Testimonio
473 3818 530 3858 sunt
560 3809 611 3858 duo
642 3808 707 3860 tituli
732 3807 893 3865 dedicatorii‚
925 3806 987 3855 alter
1017 3806 1174 3855 Halasarnoe
1203 3815 1316 3871 repertus
1346 3802 1414 3868 (Pat.

161 3912 200 3946 nr.
219 3907 277 3960 370,
298 3896 366 3946 Dub.
386 3910 411 3958 p.
429 3907 477 3954 42:
504 3894 623 3945 dedicant
640 3894 767 3958 Apollinis
786 3893 904 3942 sacerdos
922 3899 947 3943 et
965 3907 1007 3940 sex
1026 3889 1186 3960 ἱεροποιοί),
1209 3891 1271 3943 alter
1282 3891 1322 3943 ad
1339 3891 1413 3945 Auti-

161 3981 287 4030 machiam
306 3981 370 4044 (Pat.
389 3996 426 4029 nr.
446 3979 510 4042 388:
538 3980 656 4029 dedicant
678 3994 761 4028 rursus
784 3978 901 4028 sacerdos
926 3985 950 4026 et
967 3992 1010 4026 sex
1029 3977 1123 4045 ἱεροπι
1150 3985 1241 4026 suntne
1259 3976 1285 4024 hi
1303 3975 1414 4025 Hecates

161 4066 239 4130 ipsius
257 4065 387 4131 proprii?).

149 4173 150 4176 ¹
245 4149 268 4217 ³)
288 4152 409 4202 Conferas
427 4154 534 4222 Μέροψ
549 4144 751 4215 Ἀσκληπιάδου
771 4140 973 4215 Στρατονικείς
990 4147 1046 4196 Pat.
1066 4163 1103 4196 nr.
1123 4159 1181 4210 207.

247 4237 271 4303 ⁴)
289 4241 350 4289 Non
368 4248 435 4288 recte
453 4239 529 4303 igitur
547 4237 607 4286 dicit
624 4235 725 4287 Dubois
743 4252 768 4299 p.
785 4247 827 4295 40.

247 4322 270 4389 ⁶)
290 4324 328 4375 Cf.
350 4325 436 4374 lovem
455 4323 570 4373 Pluvium
589 4323 664 4387 Argis
683 4319 769 4384 (Paos.
788 4319 824 4380 ΙΙ,
849 4331 887 4381 19,
909 4315 935 4380 8)
954 4326 978 4366 et
996 4317 1130 4367 Lebadeae
1148 4314 1232 4380 (Paua.
1250 4317 1298 4372 IX,
1320 4327 1361 4378 39,
1374 4313 1413 4378 4).
