3142 4986
625 327 673 367 ,1,-
713 307 751 370 50
796 329 836 338 ..

104 463 128 538 I,
140 480 196 543 43
214 464 232 525 h
238 468 302 546 57)
311 463 429 544 opini0,
455 484 509 545 qur
501 463 677 544 Dryopes
700 463 927 544 antiquissimis
943 461 1002 523 illis
1018 460 1231 543 temporibus
1235 480 1269 522 re
1285 478 1360 522 vera

104 548 250 656 Apollini
274 575 433 656 Delphico
464 575 629 636 dedicatos
660 594 730 636 esse
763 583 796 635 et
826 573 898 634 inde
929 572 1031 634 multo
1054 574 1231 643 recentiore
1255 579 1360 634 aetate

105 705 230 747 sacram
253 686 439 748 servitutem
463 683 738 766 Craugallidarum
760 684 815 763 qui
837 692 993 746 vocantur
1016 685 1206 758 remansisse
1228 682 1359 748 censuit.

107 794 354 878 Craugallidis¹)
377 797 471 871 enim,
501 797 555 875 qui
578 794 738 858 Cirrhaeis
760 793 884 856 finitimi
906 794 989 856 circa
1008 794 1156 875 Delphos
1178 792 1360 861 incolebant

106 905 214 969 locum
230 905 457 987 Craugallium,
480 917 614 988 propter
624 905 754 970 scelera
769 925 808 992 ac
827 905 991 967 latrocinia
1006 905 1038 967 in
1055 905 1217 986 Apollinis
1234 924 1360 966 sacrum

106 1018 279 1080 commissa
302 1019 343 1081 ab
359 1017 657 1100 Amphictyonibus
673 1015 802 1079 Solonis
824 1025 930 1082 aetate
952 1015 1073 1078 bellum
1095 1014 1219 1078 illatum
1242 1025 1300 1090 est,
1324 1035 1361 1078 ac

107 1149 188 1209 agro
211 1131 338 1210 direpto
362 1128 421 1209 ipsi
444 1128 592 1192 libertate
615 1128 719 1191 orbati
741 1129 803 1190 deo
823 1128 960 1190 dedicati
982 1129 1100 1209 sunt2).
1136 1128 1197 1189 His
1220 1129 1252 1189 in
1267 1127 1360 1190 rebus

105 1240 289 1303 vetustioris
311 1241 471 1302 servitutis
492 1240 674 1317 vestigium,
698 1239 792 1318 quale
807 1239 855 1301 vir
869 1239 922 1301 ille
937 1239 1141 1302 doctissimus
1156 1239 1238 1300 miro
1255 1259 1360 1301 errore

107 1351 168 1413 sibi
190 1351 293 1426 finxit,
316 1350 438 1413 nullum
460 1351 563 1414 inesse
580 1359 665 1412 recte
681 1351 848 1432 perspexit
865 1351 962 1412 etiam
978 1348 1139 1412 Soldanus
1154 1349 1185 1434 (l.
1198 1350 1218 1412 l.
1232 1369 1264 1431 p.
1276 1349 1361 1429 438).

107 1460 273 1543 Significat
303 1471 412 1524 autern
435 1460 711 1542 Craugallidarum
742 1481 860 1523 nomen
883 1462 1013 1542 proprie
1035 1470 1167 1542 gentem
1189 1461 1360 1543 quandam,

107 1592 206 1652 quam
249 1573 427 1635 accuratius
460 1573 557 1635 docet
593 1572 748 1653 Hesychii
780 1572 890 1653 glossa
928 1568 1143 1655 Κρακαλίὸαι
1181 1573 1264 1654 (sic)·
1300 1571 1363 1637 τῶν
1401 1590 1408 1603 ·

106 1671 303 1765 Κρισσαίων
335 1674 537 1765 βασιλεῖς”
515 1708 536 1770 η
570 1675 732 1766 διάφορον
764 1680 901 1768 yc'vog3).
880 1681 1022 1764 )Qui
1057 1692 1170 1746 auctor
1190 1681 1362 1765 flagitatur

108 1792 301 1874 Craugallus
331 1814 489 1874 nusquam
520 1795 691 1875 reperitur,
722 1803 830 1856 tamen
860 1815 925 1856 non
951 1794 1085 1856 dubium
1108 1801 1158 1855 est
1179 1795 1257 1873 quin
1279 1794 1361 1856 idem

108 1903 183 1986 sit4)
208 1902 384 1982 Cragaleus
406 1905 579 1986 Dryopum
602 1904 654 1967 ille
676 1905 780 1980 heros
812 1926 909 1987 quem
932 1926 975 1967 ex
996 1904 1132 1967 Euboea
1154 1903 1361 1969 Ambraciam

108 2035 217 2076 secum
248 2024 457 2095 portaverunt
466 2018 501 2096 ⁵).
549 2017 639 2097 Ergo
668 2016 840 2096 Dryopum
867 2036 942 2097 pars
972 2014 1098 2077 fuerunt
1129 2014 1360 2096 Craugallidae.

107 2125 177 2188 Iam
207 2128 233 2188 si
264 2147 370 2189 rursus
404 2129 445 2189 ad
478 2147 551 2188 eam
591 2125 732 2189 fabulam
771 2126 973 2207 respicimuS,
1009 2146 1106 2207 quam
1140 2137 1175 2189 ut
1206 2126 1318 2190 fictam
1344 2146 1361 2189 a

108 2237 250 2301 Doribus
273 2237 462 2300 duceremus
484 2238 643 2319 compulsi
665 2258 784 2310 sumus,
809 2258 872 2319 qua
895 2238 970 2299 data
992 2237 1144 2300 facultate
1167 2239 1272 2319 possit
1291 2237 1363 2302 ficta

109 2368 180 2410 esse
196 2349 318 2410 elucet:
335 2357 404 2410 tum
420 2349 567 2410 nimirum
583 2370 656 2410 cum
673 2349 811 2430 reliquiis
830 2349 1004 2430 Dryopum
1024 2346 1237 2429 Craugallidis
1253 2369 1362 2432 reapse

107 2461 184 2523 talia
206 2459 387 2522 acciderant
409 2479 467 2541 per
488 2460 750 2541 Amphictyones
773 2461 980 2541 inprimisque
1003 2459 1228 2525 Athenienses.
1276 2461 1362 2524 Haec

111 2592 186 2633 cum
209 2572 354 2633 viderent
369 2570 485 2645 Dores,
509 2591 603 2632 suum
626 2572 756 2632 heroem
773 2571 849 2632 olim
863 2572 942 2633 item
959 2569 1024 2632 sere
1040 2571 1071 2633 in
1087 2571 1175 2632 illam
1191 2573 1369 2659 nationem,-

110 2701 251 2762 quacum
274 2682 333 2762 ipsi
356 2683 386 2742 in
409 2681 635 2762 Peloponneso
658 2683 899 2756 contenderunt,
925 2681 1037 2744 secisse
1058 2683 1297 2762 excogitarunt.

199 2790 291 2872 Quae
314 2812 388 2854 cum
409 2793 453 2854 ita
468 2793 627 2872 ponimuS,
651 2814 690 2854 ea
705 2813 755 2854 res
770 2793 901 2868 tollitur,
925 2813 989 2874 qua
1004 2795 1216 2874 potissimum,
1243 2794 1364 2875 opinor,

112 2901 153 2968 Ο.
177 2902 351 2964 Muellerus
373 2904 530 2966 adductus
556 2914 606 2966 est
628 2912 662 2966 ut
684 2904 837 2985 Dryopes
860 2905 965 2986 primo
988 2905 1029 2966 ab
1053 2903 1207 2984 Apolline
1229 2904 1365 2966 colendo

111 3016 240 3090 alienos
261 3014 356 3076 fuisse
379 3024 516 3094 putaret.
560 3015 664 3076 lmmo
687 3023 760 3076 sunt
782 3024 869 3077 certa
892 3017 1051 3097 quaedam
1075 3015 1188 3077 indicia
1211 3015 1366 3078 eximium

19 3159 22 3164 ·
111 3126 220 3190 locum
246 3127 333 3207 apud
363 3145 420 3187 eos
443 3125 531 3187 illum
554 3126 702 3198 tenuisse,
727 3144 810 3206 quae
833 3126 884 3188 hic
906 3127 1120 3207 complectar:
1151 3126 1180 3206 a)
1204 3125 1367 3208 Apollinis

111 3236 166 3299 filii
198 3258 268 3299 esse
298 3236 440 3300 feruntur
465 3247 497 3299 et
520 3237 653 3318 Dryops
675 3235 771 3298 heros
793 3240 1009 3318 eponymus⁶)
1035 3238 1077 3318 (p.
1101 3253 1153 3313 41,
1182 3240 1209 3317 1)
1234 3247 1268 3300 et
1289 3237 1366 3300 Am·

112 3350 240 3430 phissus
269 3370 312 3411 ex
332 3349 469 3429 Dryope
493 3347 615 3411 Oetaea
646 3357 739 3409 natus
762 3350 816 3429 qui
838 3350 935 3410 etiam
959 3345 992 3412 ἐν
1013 3350 1052 3434 τῇ
1077 3345 1245 3430 Δρυοπίδι
1267 3348 1367 3431 Apol·

112 3460 183 3522 linis
220 3459 378 3540 templum
412 3461 520 3521 condit
554 3458 688 3538 (Anton.
722 3459 793 3520 Lib.
828 3462 888 3539 32).
919 3495 957 3505 -
987 3459 1021 3539 b)
1051 3458 1175 3539 Apollo
1204 3459 1367 3540 Pythaeus

112 3571 287 3651 Dryopum
309 3570 654 3650 Peloponnesiacorum
684 3573 834 3651 proprius
857 3571 923 3632 fuit.
949 3608 983 3615 --
1011 3573 1040 3650 c)
1061 3569 1195 3633 Asinaei
1217 3568 1366 3635 Messenii

199 3757 221 3823 ¹)
240 3755 283 3807 Ita'
302 3759 376 3806 scribi
402 3759 472 3807 iubet
499 3759 625 3824 Didymus
648 3756 728 3823 (apud
751 3760 876 3824 Harpocr.
898 3776 917 3808 s.
942 3760 988 3823 n),
1015 3776 1072 3808 cum
1094 3761 1215 3825 scriptum
1239 3759 1366 3810 videamus

111 3843 187 3894 etiam
211 3842 407 3914 Kpnyallldaa
427 3841 477 3907 (vel
492 3840 623 3912 mear).
644 3845 849 3911 Kpnuallldnt,
868 3845 1051 3914 Κρακαλίδαι.

132 3979 151 4001 Ι,
198 3928 221 3994 ²)
239 3930 358 3979 Aeschin.
378 3931 403 3977 in
424 3929 536 3994 Ctesiph.
560 3943 615 3991 107.

198 4013 220 4080 ³)
240 4017 304 4063 Inde
330 4031 424 4063 nomen
452 4016 548 4064 transiit
575 4016 607 4065 ad
634 4016 729 4064 incolas
756 4017 810 4079 agri
842 4017 1020 4072 Crissaeorum,
1051 4025 1077 4064 ut
1100 4017 1207 4075 videtur,
1236 4016 1365 4067 cuiusdam

112 4102 204 4166 partis}
225 4097 340 4150 conferas
358 4101 470 4149 Atticum
489 4118 561 4149 usum
580 4109 604 4148 et
623 4101 737 4164 gentium
757 4111 781 4149 et
800 4101 931 4149 demorum
950 4101 1089 4150 nominum

198 4177 273 4252 ⁴)cl.
292 4185 479 4235 M.uelleruml
498 4186 528 4242 l.;
550 4185 674 4234 immerito
693 4196 850 4249 negaverunt
868 4186 994 4234 Soldanus
1014 4196 1038 4235 et
1056 4186 1245 4252 Bursianuslp.
1264 4186 1315 4250 20).

199 4270 223 4338 ⁶)
240 4289 264 4320 v
283 4289 309 4336 P
329 4284 362 4334 43
383 4287 438 4335 sqq

198 4355 222 4421 Θ)
242 4357 281 4405 Cf.
300 4356 372 4405 Paus.
391 4357 437 4415 IV,
460 4369 501 4418 34,
526 4368 564 4404 11.

147 4544 156 4631 l

195 4702 205 4735 Ι
