3142 4986
673 199 978 309 „45-'

154 402 213 493 iter
235 400 387 475 fecerunt,
411 420 494 482 quos
517 404 646 483 quidem
672 402 859 464 Herodotus
881 402 905 476 I,
934 403 998 484 146¹
1015 423 1077 465 una
1095 423 1169 466 cum
1185 402 1408 467 Orchomeniis

154 513 281 593 Minyis,
314 511 473 589 Cadmeis,
502 513 720 576 Phocensibus
749 513 780 575 in
811 533 935 576 earum*
952 533 1086 576 numero
1116 513 1282 577 nationum
1317 514 1409 578 affert

154 645 238 704 quae
260 624 291 686 in
313 623 437 686 Ioniam
460 601 799 705 transmigraverint-¹).

241 735 270 798 E
292 734 433 798 Phocide
462 736 577 798 iterum
608 736 742 798 navibus
772 736 802 796 in
825 734 1084 816 Peloponnesum
1108 755 1143 798 se
1166 736 1329 799 transiisse
1350 737 1409 818 ipsi

154 845 307 927 Dryopes
329 846 461 908 Asinaei
493 847 664 909 narrabant
685 856 767 908 teste
789 846 946 908 Pausania
967 845 1025 918 IV,
1051 862 1100 924 34,
1127 846 1193 926 92).
1238 847 1282 910 Et
1305 847 1409 929 Argo·

153 957 224 1019 lidis
254 977 336 1038 quos
365 957 456 1024 locos
486 957 715 1038 occupaverint
744 958 896 1033 vidimus;
928 956 1110 1038 petiverunt
1130 977 1207 1019 vero
1230 957 1328 1020 etiam
1351 957 1410 1020 Ar·

153 1069 288 1135 cadiam.
332 1068 381 1130 Ita
405 1069 489 1129 enim
513 1068 743 1149 explicandum
766 1077 815 1129 est
838 1069 925 1149 quod
949 1077 981 1129 et
997 1068 1141 1148 Dryopis
1164 1070 1326 1147 quaedam
1348 1067 1411 1131 filia

154 1179 314 1242 Mercurio
343 1179 464 1240 Panem
494 1180 525 1240 in
555 1178 698 1240 Arcadia
727 1179 891 1260 peperisse
921 1178 1068 1257 dicitur³)
1097 1187 1130 1240 et
1159 1178 1291 1240 Arcade
1319 1189 1411 1260 patre

153 1292 252 1353 utitur
280 1291 418 1352 nationis
447 1291 543 1352 heros
573 1309 756 1370 eponymus
787 1310 884 1370 quem
915 1309 987 1350 eam
1011 1289 1208 1351 Hermionae
1234 1298 1267 1352 et
1289 1289 1411 1352 Asinae

153 1401 341 1464 collocasse
364 1401 538 1479 tradunt4).
583 1400 695 1480 Atque
724 1400 798 1462 hinc
824 1401 929 1482 ipsum
953 1399 1169 1480 colligendum
1192 1421 1263 1462 esse
1286 1401 1412 1464 videtur

154 1513 228 1575 inde
259 1512 301 1575 ab
324 1511 467 1574 Arcadia
496 1511 664 1592 paullatim
694 1512 725 1573 in
755 1512 824 1574 illas
852 1512 947 1574 urbes
973 1511 1217 1592 transmigrasse
1240 1511 1410 1594 Dryopes;

227 1733 293 1796 >Ex
315 1733 456 1796 Arcadia
483 1734 619 1815 repetita
638 1743 712 1795 sunt
730 1733 816 1794 haud
839 1754 944 1815 pauca
966 1732 1097 1796 Troica:
1127 1734 1274 1795 videntur
1293 1735 1338 1795 eis
1359 1735 1412 1796 ad·

156 1845 353 1907 numeranda
382 1865 453 1906 esse
475 1845 648 1926 Dryopum
678 1828 857 1926 vestigiass).
902 1845 971 1907 Nec
1001 1845 1067 1907 scio
1097 1865 1137 1906 an
1165 1843 1274 1906 similis
1297 1865 1349 1906 res
1371 1847 1413 1907 sit

156 1957 197 2018 de
220 1955 342 2038 Cypro,
384 1956 469 2042 Nam
500 1957 588 2038 quod
610 1957 772 2018 Diodorus
795 1955 852 2029 IV,
878 1970 917 2034 37
941 1955 984 2017 ibi
1006 1955 1159 2036 Dryopes
1182 1955 1282 2036 pedes
1304 1957 1412 2018 fixisse

156 2067 261 2141 tradit,
295 2066 504 2130 confirmatur
532 2066 654 2149 Cyprio
682 2067 804 2148 oppido
832 2066 943 2130 Asine.
993 2067 1066 2128 Hoc
1097 2086 1215 2128 nomen
1243 2071 1412 2148 proprium

155 2187 325 2240 tenuerunt
353 2177 507 2260 Dryopes
541 2179 634 2258 eique
664 2177 942 2260 Peloponnesiaci,
977 2179 1097 2259 quippe
1126 2179 1214 2257 quod
1244 2177 1411 2260 Argolidis

125 2348 127 2353 .
155 2289 317 2351 Laconiae
350 2290 527 2351 Messeniae
565 2310 645 2370 quas
678 2289 1004 2351 commemoravimus
1039 2288 1168 2350 urbibus
1203 2297 1280 2352 erat.
1339 2287 1412 2370 Qua

156 2422 190 2463 re
219 2422 292 2474 non,
325 2410 359 2462 ut
382 2400 554 2473 Diodorus,
586 2422 629 2462 ex
655 2402 727 2480 ipso
750 2421 823 2463 cum
846 2399 986 2462 Hercule
1008 2401 1182 2462 certamine
1203 2400 1222 2467 i.
1245 2421 1273 2467 e.
1298 2402 1372 2468 inde
1385 2421 1409 2475 ,a

156 2511 295 2574 Maliaco
329 2512 398 2572 sinu
430 2512 461 2572 in
492 2509 638 2591 Cyprum
673 2512 841 2591 navigasse
874 2511 947 2574 illos
980 2530 1106 2584 censeo,
1141 2512 1198 2572 sed
1230 2513 1405 2591 posteriore

155 2622 265 2702 paullo
288 2632 394 2683 aetate
416 2621 685 2701 ePeloponneso.
722 2621 883 2683 Arcadiae
906 2622 991 2683 enim
1010 2630 1043 2683 et
1057 2621 1219 2683 Laconiae
1234 2622 1410 2686 incolarum

156 2733 298 2794 Doribus
326 2733 537 2794 vetustiorum
567 2741 693 2813 partem
721 2753 763 2794 ex
786 2732 930 2794 Achaiae
964 2752 1020 2794 ora
1043 2730 1221 2814 prolectam
1245 2733 1275 2793 in
1299 2732 1412 2816 Cypro

156 3008 266 3057 Pontum
284 3023 369 3057 secum
388 3015 554 3071 portaverunt
574 3005 617 3072 (cl.
636 3007 813 3057 Wilamowitz.
832 3007 934 3056 Heracl.
953 3009 975 3068 1,
996 3006 1065 3072 280),
1086 3007 1198 3072 Dryopis
1216 3007 1415 3059 Thiodamantis

156 3093 221 3143 filius
239 3101 342 3143 vocatur
360 3094 393 3141 ab
413 3092 501 3156 Apoll.
520 3093 605 3142 Rhod.
624 3093 646 3149 Ι,
671 3104 734 3154 1213
752 3100 778 3141 et
795 3093 900 3142 Mnasea
917 3093 943 3141 in
961 3093 1040 3142 schol.
1059 3093 1146 3158 Apoll.
1159 3093 1209 3142 Rh.
1223 3094 1244 3149 1,
1262 3107 1318 3157 131.
1355 3097 1415 3146 Hoc

155 3195 186 3228 ex
210 3179 245 3228 eis
268 3195 333 3244 quae
355 3179 419 3227 infra
444 3178 476 3226 de
499 3177 687 3227 Thiodamante
710 3193 836 3242 exponam
861 3177 1007 3242 primarium
1031 3193 1084 3226 esse
1107 3177 1202 3242 nequit.
1240 3179 1273 3227 Et
1296 3181 1414 3244 profecto

156 3265 277 3313 vetustior
296 3272 382 3314 auctor
400 3263 550 3313 Hellanicus
569 3260 661 3328 (schol.
674 3262 763 3326 Apoll.
776 3263 826 3311 Rh.
840 3263 861 3321 1,
878 3275 938 3324 131;
962 3261 1038 3326 1207)
1057 3263 1224 3311 Thiomenem
1243 3273 1318 3313 vocat
1329 3267 1415 3330 Hylae

156 3359 268 3413 patrem;
294 3350 361 3398 hunc
386 3349 516 3414 proprium
540 3349 615 3410 duco,
642 3347 681 3396 cui
704 3363 719 3396 a
744 3347 864 3412 scriptore
884 3348 996 3412 quodam
1013 3347 1167 3396 simillimum
1186 3364 1279 3398 nornen
1297 3350 1412 3400 Thioda-

156 3435 256 3492 mands,
283 3435 360 3499 ipsius
384 3435 433 3483 iam
452 3434 564 3499 Dryopis
587 3433 654 3493 lacti,
682 3433 844 3482 substitutum
867 3440 943 3497 atque
964 3433 1024 3482 inde
1042 3434 1074 3482 ab
1092 3427 1273 3481 Alexandrinis
1296 3434 1413 3484 domina·

156 3528 210 3568 tum
228 3529 273 3571 est.

243 3602 266 3670 ¹)
286 3605 468 3670 improbabilia
485 3605 590 3670 protulit
609 3604 735 3654 Soldanus
754 3605 770 3654 l.
790 3604 806 3654 l.
826 3620 850 3667 p.
869 3616 919 3664 442
938 3619 976 3666 sq.

241 3688 264 3754 ²)
284 3690 316 3739 cs.
336 3691 414 3740 Diod.
432 3691 479 3749 IV,
501 3702 541 3754 37.

242 3773 265 3840 8)
285 3777 389 3828 Homer.
407 3776 493 3839 hymn.
512 3776 537 3824 in
555 3776 617 3825 Pan.
635 3792 659 3826 v.
678 3790 712 3839 30
729 3792 785 3841 sqq.
825 3776 864 3825 Ex
886 3775 934 3823 hac
960 3788 1101 3838 expressam
1124 3788 1177 3821 esse
1195 3774 1319 3838 Dryopen
1339 3789 1412 3838 nym-

156 3862 243 3926 pham,
264 3861 380 3926 Tarquiti
401 3862 489 3910 Rutuli
507 3877 521 3909 e
540 3862 629 3910 Fauno
648 3869 753 3910 matrem
773 3859 860 3924 (Verg.
879 3862 943 3910 Aen.
962 3860 995 3917 X,
1017 3870 1066 3922 550
1084 3857 1134 3922 sq.)
1153 3859 1214 3908 mihi
1233 3859 1336 3924 quidem
1355 3875 1412 3924 per·

155 3948 232 3996 suasit
251 3947 455 3996 Weizsaeckerus
473 3945 580 4009 (Rosch.
600 3947 635 3996 M.
654 3947 684 3995 L.
703 3962 722 3995 s.
742 3963 763 3995 v.
780 3945 904 4012 Dryope).

241 4029 264 4097 ⁴)
283 4033 410 4082 Aristotel.
430 4032 499 4096 apud
518 4032 636 4081 Strabon.
655 4032 728 4091 VIII,
750 4043 808 4094 373.

242 4115 265 4182 ὓ)
284 4118 470 4167 Habitaverunt
489 4117 554 4165 circa
571 4117 692 4178 Abydum
710 4123 768 4165 ante
785 4117 913 4165 Thraces:
933 4115 1025 4165 Strabo
1043 4116 1118 4175 xm,
1140 4115 1197 4179 586.
1228 4116 1330 4179 Dryops
1348 4115 1413 4165 inter

155 4204 247 4252 Priami
271 4204 337 4252 filios
360 4202 403 4267 (Il.
427 4205 486 4262 XX,
508 4212 574 4266 455;
603 4202 725 4267 Apollod.
744 4203 794 4262 III,
818 4215 856 4260 12,
879 4198 905 4266 5)
931 4207 956 4249 et
979 4201 1081 4249 Aeneae
1106 4202 1206 4249 sodales
1230 4197 1319 4264 (Verg.
1344 4201 1412 4253 Aen.

156 4290 189 4351 X,
209 4288 271 4353 346)
290 4297 441 4338 numeratur.
