3142 4986
685 335 735 351 --ψ
771 315 820 378 29
864 339 903 354 ψ

158 470 238 538 dunt
266 466 315 529 his
344 467 512 530 Abantum
542 467 689 547 vestigiis·
715 479 778 531 noh
802 489 997 549 paucaeres
1020 489 1102 550 quae
1124 468 1262 530 indicent
1279 470 1416 532 omnino

158 581 376 653 intercessisse
406 577 484 639 olim
513 579 959 661 nexumcommerciumque
980 580 1065 641 inter,
1082 579 1236 642 Euboeae
1259 589 1291 642 et
1313 580 1412 643 Arca·

158 692 230 754 diae
267 689 433 769 Elidisque
473 686 595 750 incolas
604 688 638 768 ¹).
695 686 782 768 Quid
822 687 937 770 igitur?
973 688 1281 770 Peloponnesiorum
1316 689 1413 753 heros
1509 758 1513 765 ⁴

159 801 347 864 Chalcodon
384 800 471 861 haud
508 798 667 861 immerito
705 799 873 862 Abantum
910 800 1029 862 nationi
1064 799 1229 863 Euboicae
1262 801 1413 864 vindicari

157 921 273 992 potest.

244 1023 303 1084 His
334 1020 483 1083 omnibus
511 1041 592 1103 quas
622 1005 769 1103 exposui
790 1019 885 1082 rebus
913 1041 1103 1102 persuasum
1133 1020 1209 1082 mihi
1236 1029 1285 1082 est
1307 1019 1413 1083 Coum

158 1153 289 1216 quoque
317 1132 449 1194 heroem
479 1129 590 1193 deberi
612 1130 806 1194 Abantibus.
851 1128 1001 1210 Quorum
1022 1131 1120 1193 etiam
1142 1130 1228 1193 aliud
1250 1130 1412 1194 residuum

158 1245 188 1306 in
218 1243 332 1306 fabulis
360 1240 436 1305 Cois
466 1251 629 1304 servatum
659 1250 724 1304 est:
764 1239 879 1303 Molon
901 1242 1049 1304 nimirum
1072 1241 1164 1305 Abas
1186 1241 1240 1322 qui
1261 1242 1357 1304 Peleo
1381 1245 1413 1305 in

157 1355 258 1418 insula
287 1353 463 1436 hospitium
492 1352 639 1433 praebuit
668 1350 719 1435 (cl.
743 1372 775 1433 p.
800 1353 859 1432 19).
903 1351 947 1414 Et
974 1351 1035 1414 hos
1063 1354 1089 1415 si
1120 1361 1233 1434 posset
1261 1352 1412 1417 affirmari

156 1465 359 1529 consociatos
385 1463 482 1526 luisse
510 1463 562 1526 vel
591 1472 766 1543 antequam
796 1464 837 1525 ad
860 1461 948 1526 Coos
977 1463 1090 1544 perlati
1117 1473 1200 1537 sunt,
1231 1465 1257 1526 is
1286 1465 1340 1545 qui
1369 1466 1412 1526 in-

156 1578 252 1657 quirit
281 1585 388 1638 utrum
412 1596 454 1637 ex
476 1575 547 1655 ipsa
570 1574 704 1636 Euboea
727 1595 767 1636 an
790 1595 833 1636 ex
854 1575 924 1637 aliis
946 1596 1026 1657 quas
1049 1575 1311 1637 adumbravimus
1332 1577 1413 1638 sedi·

156 1689 216 1750 bus
240 1688 388 1749 Abantes
411 1683 482 1747 Con
515 1687 704 1757 transierint,
734 1687 759 1747 si
781 1686 924 1747 nondum
947 1686 1045 1767 ipsius
1061 1686 1238 1760 Euboicae,
1268 1695 1412 1749 attamen

156 1798 287 1878 originis
318 1817 383 1858 non
402 1795 695 1876 Peloponnesiacae
725 1797 874 1858 indicium
897 1805 1028 1860 teneret.
1073 1796 1139 1860 Sed
1159 1818 1217 1859 nec
1240 1798 1281 1858 de
1302 1795 1356 1858 illa
1377 1817 1412 1858 re

156 1917 244 1970 certe
267 1907 444 1989 quidquam
466 1907 656 1988 perspicitur
678 1916 711 1970 et
725 1907 861 1970 Euboea
879 1910 983 1989 patria
1001 1908 1062 1971 alia
1079 1909 1130 1970 via
1145 1907 1274 1990 probari
1290 1917 1409 1989 potest,

156 2018 223 2082 scil.
253 2039 309 2098 per
331 2016 528 2098 Chalciopen
551 2037 649 2097 quam
671 2020 924 2081 commemoravi
947 2017 1049 2083 Coam
1072 2018 1281 2100 heroinaml).
1327 2017 1410 2082 Cum

156 2130 240 2192 enim
264 2127 440 2210 Chalciope
462 2130 620 2210 quaedam
644 2137 677 2191 et
699 2127 888 2192 Chalcidem
910 2150 953 2192 ex
976 2130 1087 2192 Attica
1110 2150 1268 2191 unacum
1282 2129 1410 2193 Alcone

155 2250 246 2322 patre
269 2240 389 2322 fugisse
410 2240 533 2302 dicatur
554 2239 606 2320 (cs.
623 2260 654 2321 p.
673 2241 723 2315 28,
741 2241 782 2322 n.)
799 2249 832 2303 et
846 2241 952 2322 Aegei
967 2261 1051 2303 uxor
1064 2240 1192 2320 filiaque
1208 2241 1411 2305 Rhexenoris

154 2351 333 2432 vocetur8),
364 2351 499 2413 similem
523 2352 567 2414 ita
589 2349 687 2414 efficit
707 2350 938 2415 Chalcodontis
961 2353 1159 2428 memoriam,
1190 2360 1279 2414 utet
1306 2352 1410 2434 ipsam

154 2462 315 2525 Chalcidis
341 2481 549 2543 eponymam,
581 2472 796 2543 propagatam
819 2483 896 2525 vero
919 2464 960 2525 ad
979 2463 1109 2526 Atticos
1131 2464 1295 2525 ducamus.
1340 2463 1410 2526 Nec

154 2594 219 2636 non
248 2573 374 2635 Aeetae
404 2573 502 2635 filiam
530 2571 738 2655 Chalciopen,
770 2593 868 2653 quam
890 2573 1027 2636 Phrixus
1056 2594 1130 2636 cum
1159 2574 1190 2635 in
1213 2572 1409 2636 Colchorum

155 2693 273 2745 terram
300 2684 453 2759 venisset,
495 2705 631 2747 uxorem
660 2685 800 2766 duxit4),
838 2685 864 2746 si
898 2685 1028 2765 quidem
1063 2683 1252 2748 Colchidem
1281 2686 1411 2767 proprie

157 2791 343 2855 Chalcidem
366 2814 438 2857 esse
460 2796 553 2859 nobis
576 2796 792 2877 persuasimus
800 2797 836 2876 ⁶),
860 2797 978 2859 eodem
1002 2794 1176 2860 referamus
1198 2816 1328 2859 necesse
1351 2807 1409 2860 est.

157 3083 278 3146 Acrisius,
299 3100 331 3133 ne
349 3084 452 3134 Perseus
467 3087 580 3151 quidem,
600 3089 690 3138 Acrisii
708 3104 797 3154 nepos,
817 3089 942 3139 immerito
954 3089 1112 3139 Abantiades
1131 3097 1236 3138 vocatur
1249 3087 1335 3155 (Ovid.
1348 3097 1409 3139 met.

157 3171 204 3228 IV,
226 3171 285 3233 607,
305 3170 425 3236 saepius).
460 3173 594 3224 Idmonem
613 3170 740 3239 Argivum
764 3177 876 3241 appellat
898 3177 1025 3225 Abantem
1044 3173 1195 3238 Apollonius
1213 3173 1298 3222 Rhod.
1319 3175 1339 3234 I,
1356 3187 1412 3235 142.

243 3254 267 3320 ¹)
286 3255 408 3306 Conferas
426 3257 546 3306 Euboeae
565 3260 651 3309 urbem
671 3261 776 3310 Oresten
796 3260 895 3327 (steph.
913 3262 984 3325 Byz.,
1005 3259 1119 3323 Hesych.
1138 3274 1158 3307 s.
1176 3275 1200 3306 v.
1222 3274 1241 3308 s.
1258 3257 1313 3323 v.);
1334 3259 1412 3308 Chal·

156 3341 238 3390 cidem
251 3342 392 3391 Euboicam
405 3343 466 3391 olim
479 3343 654 3408 Stymphelum
667 3345 823 3395 nominatam
834 3346 933 3411 (steph.
949 3348 1010 3410 Byz.
1027 3361 1046 3394 s.
1059 3361 1083 3393 v.
1098 3345 1213 3404 Χαλκίςς
1231 3343 1343 3405 Hesych.
1357 3360 1376 3394 s.
1387 3362 1412 3396 v.

156 3421 296 3498 Στύμφη).
333 3428 430 3476 Rursus
448 3427 548 3477 Chalcis
566 3445 659 3478 nomen
679 3430 753 3479 etiam
770 3430 918 3497 Triphyliae
938 3440 963 3480 et
983 3429 1059 3478 fluvio
1080 3436 1105 3477 et
1122 3429 1219 3494 oppido
1238 3437 1291 3479 erat
1309 3428 1412 3492 (Strabo

157 3513 233 3570 VIII,
254 3510 332 3575 343);
354 3512 475 3561 Eretriam
494 3513 639 3563 condidisse
657 3514 748 3563 dicitur
766 3516 840 3565 heros
853 3515 981 3565 Eretricus
994 3513 1111 3574 Macisto,
1133 3513 1280 3579 Triphyliae
1292 3515 1325 3562 ab
1339 3515 1409 3573 urbe,

157 3599 286 3660 proiectus
308 3596 410 3660 (Strabo
429 3598 463 3657 X,
485 3595 562 3664 447);
586 3599 728 3648 Euboicum
752 3599 846 3650 flumen
868 3601 972 3650 nomine
994 3607 1047 3649 erat
1064 3599 1159 3649 Neleus
1183 3600 1253 3664 quod
1271 3600 1304 3648 ad
1322 3599 1412 3663 Pylum

157 3690 253 3746 spectat
269 3680 370 3746 (Strabo
388 3684 423 3741 X,
443 3681 511 3746 449).
549 3685 613 3734 Vide
631 3685 706 3734 etiam
725 3686 835 3750 quaein
855 3686 998 3734 universum
1017 3685 1077 3734 dicit
1095 3687 1186 3734 Strabo
1205 3687 1247 3757 X,
1258 3685 1318 3746 448.

242 3763 266 3830 ⁹)
286 3766 433 3818 Callimach.
455 3769 542 3833 hymn.
566 3770 625 3819 Del.
652 3769 696 3819 161
724 3770 780 3820 Con
803 3771 911 3820 insulam
935 3780 1010 3821 vocat
1035 3764 1197 3834 Χαλκιόπης
1222 3767 1297 3839 ἱερὸν
1318 3763 1413 3837 μυχὸν

157 3846 283 3921 ἡρωίνης.

243 3933 267 4000 ⁸)
287 3936 441 3987 Phanodem.
462 3939 489 3989 F.
510 3939 545 3988 H.
566 3939 598 3989 G.
618 3941 639 3999 Ι,
661 3939 711 4002 366
729 3942 783 3999 M.;
804 3941 926 4007 Apollod.
946 3941 995 3999 III,
1019 3951 1058 4004 15,
1079 3941 1102 3989 6.

243 4019 266 4083 ⁴)
285 4021 407 4085 Apollon.
426 4024 513 4074 Rhod.
532 4025 568 4086 11,
591 4036 664 4086 1149,
685 4025 758 4084 alibi;
779 4026 858 4075 schol.
872 4027 907 4086 II,
923 4025 982 4089 388,
1002 4037 1063 4087 1123
1076 4023 1264 4087 (Herodorus);
1286 4024 1412 4089 Apollod.

157 4105 180 4166 1,
202 4118 227 4168 9,
252 4119 272 4155 1.

244 4187 267 4254 ⁶)
286 4191 317 4241 V.
336 4193 471 4243 Maassium
489 4195 522 4244 G.
543 4195 575 4245 G.
594 4196 626 4243 A.
651 4194 715 4257 1890
732 4210 758 4259 p.
776 4205 835 4259 352.
