3142 4986
647 280 859 349 ÷ss-

127 436 200 500 Chr.
232 438 349 500 saeculi
378 448 506 520 reperta
536 448 584 501 est
607 437 675 501 Coe
697 411 793 501 haec:
825 430 906 522 ὅρος·
919 437 1053 522 τέμενος
1066 431 1213 527 Ἀθηνᾶς
1227 432 1379 527 Ἀθηνῶν

125 543 283 633 pedalum
304 549 371 631 (sic)
395 549 473 628 (Pat.
497 570 542 612 nr.
570 551 651 630 148).
695 549 755 612 Est
783 543 892 612 autem
922 571 998 612 sane
1026 553 1113 632 quod
1136 554 1316 634 suspicatus
1338 536 1378 616 sit

125 660 305 722 Foucartus
344 661 442 741 (apud
476 661 658 741 Patonium)
691 660 831 742 lapidem
864 661 1054 724 translatum
1087 684 1157 725 esse
1192 662 1291 726 Samo
1323 646 1376 746 (cf.

126 769 162 839 C,
191 771 217 852 J.
249 770 288 834 G.
320 771 425 852 2246).
457 810 496 820 -
525 771 634 833 Ducta
667 781 740 833 sunt
774 793 793 833 a
822 772 967 834 Minerva
996 773 1110 835 decem
1139 772 1205 836 fere
1236 774 1379 837 Coorum

125 882 242 944 civium
264 883 393 943 nomina
415 882 467 962 (cs.
490 883 557 949 Pat.
581 883 643 945 ind.
667 903 699 964 p.
727 883 809 964 366).

211 994 395 1055 Redeamus
418 995 458 1054 ad
478 993 599 1057 lovem.
638 991 840 1074 Cognomine
857 985 992 1072 Ἱκέσιος
1013 995 1118 1077 gentis
1141 993 1378 1058 Simonidarum

125 1113 281 1185 patronus
304 1113 373 1166 erat
397 1104 475 1185 (Pat.
499 1125 545 1171 nr,
574 1122 648 1184 149;
673 1104 759 1169 Dub.
782 1125 814 1186 p.
833 1107 892 1186 59).
918 1145 956 1152 —-
976 1105 1122 1186 Juppiter
1138 1099 1380 1187 Ἐπικιχρᾶὄας

127 1215 280 1296 (Hesych.
306 1236 329 1277 s.
352 1218 396 1295 v.)
428 1217 504 1296 quid
530 1217 589 1278 sibi
613 1216 689 1278 velit
711 1236 775 1278 non
798 1216 960 1297 intellego,
981 1237 1020 1265 -'-
1044 1214 1141 1301 Ζην]ἱ
1155 1207 1281 1302 Ἀχαιῷ
1302 1225 1379 1278 num

126 1335 213 1388 recte
236 1327 387 1389 Patonius
410 1327 442 1388 in
466 1318 537 1389 Coo
559 1327 652 1388 titulo
675 1347 720 1392 nr.
744 1343 795 1403 41,
820 1328 909 1416 cuius
932 1349 1054 1408 paucae
1076 1328 1106 1389 in
1129 1327 1260 1408 singulis
1286 1309 1379 1391 versi·

125 1437 185 1500 bus
215 1447 361 1499 servatae
389 1436 512 1499 litterae
543 1446 651 1499 tamen
683 1413 770 1499 certe
798 1437 995 1499 sacrificandi
1024 1439 1182 1518 quaedam
1206 1447 1380 1520 praecepta

125 1548 274 1620 indicant,
300 1548 506 1629 suppleverit,
536 1549 666 1610 omnino
697 1549 757 1610 dici
787 1568 851 1609 non
880 1557 998 1629 potest.
1043 1549 1145 1612 Nobis
1172 1550 1301 1632 quidem
1324 1550 1379 1611 illo

126 1660 319 1739 cognomine
334 1660 562 1721 tantummodo
575 1657 674 1720 Ceres
688 1657 858 1743 (Herodot
871 1659 913 1733 V,
926 1660 978 1741 61)
995 1669 1028 1722 et
1043 1661 1187 1722 Minerva
1200 1659 1378 1741 (Aristotel.

126 1773 167 1832 de
188 1771 258 1835 mir.
280 1772 353 1838 aud,
380 1771 452 1850 109)
481 1779 667 1851 compertae
697 1780 780 1834 sunt.
804 1771 977 1832 —Iovem
1001 1765 1133 1836 Πάσιον
1162 1773 1299 1834 eundern
1327 1775 1380 1852 qui

125 1880 224 1962 vulgo
250 1875 396 1969 Κτήσιος
423 1891 564 1954 vocatur,
595 1881 745 1942 Patonius
768 1883 950 1944 subaudivit
972 1881 1035 1944 hoc
1057 1882 1131 1945 loco
1154 1883 1235 1945 tituli
1259 1882 1318 1945 Coi
1336 1885 1381 1944 ¹de

127 1984 266 2056 Hercule
288 1991 530 2054 Diomedonteo
561 1993 748 2074 compositi:
779 1985 907 2057 θυόπω
931 1992 968 2056 δὲ
988 1994 1035 2078 τῷ
1056 1991 1178 2080 Πασίῳ
1200 1991 1286 2078 [καὶ]
1307 1996 1381 2071 ταῖς

125 2086 277 2188 Μοίραις
288 2105 313 2183 1)
344 2097 377 2166 οὶ
408 2095 482 2166 κατ’
515 2092 741 2186 ἆνδρογένειαν
769 2104 848 2184 (Pat.
872 2125 916 2165 nr.
942 2104 991 2182 36,
1021 2103 1081 2167 col.
1105 2103 1162 2176 IV,
1186 2121 1229 2180 40
1251 2125 1322 2184 sq,
1340 2104 1380 2169 cf.

128 2229 168 2293 37
186 2234 257 2293 sq.3
278 2234 307 2281 v,
323 2233 354 2294 p.
371 2213 409 2274 61
429 2216 500 2295 sq),
545 2214 606 2275 Est
627 2235 704 2275 sane
726 2214 831 2295 lepide
847 2216 1077 2296 excogitatum,
1101 2225 1209 2277 tamen
1225 2236 1289 2277 non
1305 2216 1382 2277 satis

126 2329 222 2408 certe,
253 2335 288 2386 ut
311 2326 435 2406 opinor,
468 2326 641 2386 conditum.
686 2325 815 2387 Etenim
838 2326 947 2388 Pasius
967 2347 1040 2388 curn
1063 2347 1175 2408 reapse
1198 2345 1381 2406 cognomen

126 2439 177 2499 dei
208 2437 373 2498 cuiusdam
403 2456 473 2498 esse
504 2436 589 2496 nulla
612 2437 652 2497 sit
676 2437 886 2512 necessitudo,
917 2438 1026 2518 quidni
1049 2436 1144 2499 fuisse
1167 2447 1276 2518 potest
1300 2457 1381 2498 unus

126 2569 169 2610 ex
206 2547 380 2611 maioribus
420 2539 602 2630 (πρόγονοι)
642 2547 695 2628 qui
733 2549 830 2638 sacris
867 2546 1070 2611 fruebantur?
1108 2549 1192 2630 (vide
1229 2549 1290 2613 col.
1322 2548 1379 2622 IV,

127 2675 177 2734 21,
203 2662 265 2740 27).
289 2695 331 2707 -
354 2657 425 2720 Coo
450 2679 580 2740 quoque
604 2658 703 2720 mensi
727 2657 852 2720 cuidam
867 2651 1029 2740 Πάναμος
1049 2680 1167 2722 nomen
1189 2669 1268 2733 erat,
1292 2660 1380 2739 quod

126 2772 188 2832 hoc
212 2770 284 2831 loco
308 2789 531 2831 commemoro
555 2771 630 2849 quia
652 2769 809 2850 Bergkius
832 2770 940 2849 (Beitr.
965 2791 991 2832 z.
1015 2772 1134 2852 griech.
1157 2769 1245 2833 Mon.
1269 2792 1300 2852 p.
1321 2771 1379 2850 68)

126 2903 166 2944 eo
190 2881 310 2944 rettulit
334 2881 445 2942 Iovem
468 2858 645 2942 Panamum
668 2900 808 2960 eumque
831 2901 848 2942 e
872 2880 965 2956 seriis,
990 2891 1025 2943 ut
1046 2884 1149 2944 visum
1164 2891 1222 2956 est,
1247 2881 1381 2942 Rhodiis

126 2987 326 3074 Διπανάμια
348 2992 489 3056 ductum.
529 2992 654 3052 Tamen
677 2992 759 3053 hanc
774 2992 904 3072 Bergkii
926 2994 1116 3054 sententiam
1138 3001 1227 3054 recte
1246 2991 1381 3054 sortasse

126 3104 241 3166 abiecit
263 3103 502 3183 Dittenberger.
526 3103 566 3163 de
589 3103 687 3164 sacris
709 3102 815 3164 Rhod.
840 3103 880 3177 Il,
904 3121 924 3183 9
946 3122 994 3182 sq.
1238 3186 1240 3192 Ι

213 3215 324 3293 Atque
352 3215 432 3276 haec
461 3215 502 3275 de
525 3212 601 3276 Cois
622 3213 707 3275 Iovis
736 3215 848 3290 sacris;
880 3223 970 3276 erant
1000 3234 1077 3275 vero
1108 3214 1203 3275 etiam
1226 3214 1255 3274 in
1279 3213 1381 3276 demis

126 3325 259 3389 insulae.

211 3433 409 3521 Σε]βασ(τ)ᾠ
439 3433 503 3499 Διῒ
531 3433 706 3521 Σ(τ)ρατίῳ
737 3436 754 3497 i.
786 3456 814 3502 e.
845 3434 974 3497 Caesari
1002 3417 1141 3498 cuidam
1159 3435 1267 3498 Stratii
1296 3435 1381 3498 Iovis

127 3548 255 3608 numine
278 3547 427 3627 praedito
450 3547 577 3608 dedicat
597 3547 756 3628 quispiam
779 3547 809 3607 in
832 3547 934 3620 titulo,
959 3548 1011 3626 qui
1034 3567 1137 3628 prope
1160 3547 1267 3608 locum
1285 3546 1379 3626 ‘Pyli'

128 3667 273 3740 repertus
303 3667 352 3719 est
384 3657 461 3738 (Pat.
484 3678 531 3725 nr.
555 3661 638 3738 347).
682 3657 725 3719 Et
755 3659 795 3719 ad
819 3657 903 3719 demi
926 3678 976 3719 res
998 3676 1105 3719 sacras
1127 3677 1200 3718 eum
1224 3657 1382 3738 pertinere

127 3768 341 3848 comprobant
372 3789 456 3850 quae
484 3769 644 3850 adscripta
671 3779 759 3831 sunt:
801 3767 1039 3852 δαμαρχεῦντος
1067 3765 1171 3832 Γαΐου
1199 3771 1381 3852 Νωρβανοῦ

126 3875 336 3959 Μοσχίωνος.
383 3880 478 3943 Hunc
505 3882 636 3942 demum
660 3878 755 3941 luisse
778 3879 951 3941 Halentem
975 3879 1086 3941 statuit
1107 3879 1267 3941 Patonius.
1314 3877 1381 3941 Ori-

127 3991 234 4070 ginem
265 3990 315 4052 dei
347 3992 400 4069 qui
430 3992 558 4071 inquirit
588 3991 638 4051 vel
670 3991 741 4071 ipso
764 3990 956 4071 cognomine
979 3991 1009 4050 in
1032 3987 1159 4052 Cariam
1182 3989 1307 4052 ducitur
1330 3988 1381 4070 (cf.

127 4099 278 4168 Strabon.
308 4101 398 4177 XIV,
422 4103 503 4178 6603
532 4102 615 4166 Plut.
639 4121 692 4180 qu.
717 4100 771 4163 Gr.
795 4101 836 4184 7).
864 4138 901 4146 -
924 4100 1013 4162 ldenr
1045 4102 1222 4164 concedere
1252 4109 1383 4182 oportet

125 4248 331 4259 —na—-—

119 4364 121 4368 Α
213 4330 236 4395 ¹)
255 4331 294 4381 Ci.
313 4331 367 4380 Coa
385 4335 488 4382 nomina
506 4336 688 4402 Μοιραγένης,
708 4337 864 4401 Μοίριχοςε
887 4333 940 4381 Pat.
961 4347 999 4382 nr.
1020 4346 1050 4382 10
1069 4349 1090 4382 c.
1110 4332 1150 4396 38,
1172 4331 1197 4381 b.
1218 4343 1258 4397 54.
