3142 4986
677 326 888 390 -3,„

154 487 219 550 filia
237 485 394 549 Hercules
424 483 527 563 gignit
549 480 787 562 Thessalum1).
833 481 906 542 Hoc
935 500 1041 544 rursus
1062 482 1127 543 nati
1150 490 1224 543 sunt
1246 481 1409 562 Antiphus

155 609 188 661 et
202 597 388 678 Phidippus,
413 594 467 674 qui
484 591 561 655 Cois
583 591 854 671 finitimarumque
876 591 1048 654 insularum
1065 592 1174 674 Nisyri
1190 591 1409 674 Calydnarum

156 708 310 789 Carpathi
335 705 408 768 Casi
431 704 553 766 incolas
575 712 687 765 contra
710 702 842 765 Troiam
865 703 986 765 ducunt
1006 703 1044 784 (B
1067 703 1131 784 676
1152 705 1282 786 sqq.)2).

242 818 302 880 His
335 815 487 879 heroibus
519 814 696 877 Thessalus
728 823 821 895 pater
853 815 947 876 tribui
981 834 1045 876 non
1078 817 1184 896 potuit
1213 815 1272 877 nisi
1302 816 1343 878 ab
1372 835 1411 878 ea

157 929 300 992 Coorum
328 937 419 1010 parte
447 946 530 1008 quae
552 935 648 987 antea
670 925 701 986 in
724 923 893 987 Thessalia
915 927 1009 987 sedes
1030 925 1194 988 habuerat.
1240 926 1412 990 Accedunt

158 1042 220 1103 alia
253 1040 421 1120 quaedam.
477 1036 640 1118 Ephyrae,
679 1038 710 1098 in
743 1031 958 1117 Thesprotiae
992 1035 1080 1111 urbe,
1117 1037 1160 1098 illi
1191 1037 1307 1118 sepulti
1341 1056 1411 1099 esse

158 1153 304 1213 dicuntur
313 1150 355 1231 8);
385 1150 458 1212 inde
484 1157 593 1211 autem
616 1147 768 1229 posteros
789 1167 901 1210 eorum
924 1146 1088 1228 proiectos
1111 1147 1298 1211 Thessaliae
1321 1168 1411 1211 occu·

159 1273 255 1345 patae
277 1281 395 1324 nomen
418 1259 611 1323 aThessalo
634 1280 758 1341 proavo
781 1259 930 1322 indidisse
946 1256 1065 1321 Strabo
1080 1259 1136 1333 IX,
1151 1275 1215 1336 444
1238 1261 1412 1322 memoriae

158 1374 306 1456 prodidit.
356 1373 456 1435 Porro
489 1371 656 1452 Polyaeno
691 1379 780 1433 strat.
808 1369 897 1444 VIII,
920 1387 963 1446 44
992 1379 1124 1431 auctore
1153 1370 1300 1452 Phidippi
1329 1369 1412 1432 filius

157 1485 282 1548 Aeatus
318 1464 403 1546 curn*
425 1483 568 1545 exercitu
601 1481 787 1544 Acheloum
820 1480 950 1543 fluvium
984 1482 1116 1556 transiit,
1150 1490 1185 1544 ut
1218 1482 1362 1544 Boeotos
1394 1503 1412 1544 e

157 1596 325 1658 Thessalia
355 1599 482 1658 eiceret.
527 1593 571 1655 Et
600 1593 627 1654 is
656 1603 689 1655 et
718 1612 810 1655 soror
831 1592 985 1673 Polyclea
1006 1612 1124 1673 genere
1146 1593 1336 1655 Heraclidae
1358 1613 1411 1654 vo·

158 1717 286 1783 cantur;
310 1713 483 1787 procreant
506 1724 613 1766 rursus
635 1701 735 1765 filium
757 1703 960 1766 Thessalum.
1001 1703 1066 1766 Sed
1089 1704 1137 1766 his
1160 1703 1275 1766 fabulis
1297 1703 1413 1786 quibus

158 1817 333 1898 Thesproti
362 1815 575 1895 Thessalique
604 1814 786 1896 Antiphum
820 1824 852 1877 et
882 1815 1074 1896 Phidippum
1106 1815 1165 1878 sibi
1198 1825 1411 1896 sumpserunt,

159 1927 318 1990 contraria
351 1935 401 1989 est
431 1924 574 1989 Coorum
607 1945 704 2007 quarn
738 1925 815 1988 dixi.
867 1927 911 1988 Et
941 1946 1054 2007 reapse
1083 1935 1334 1989 consentaneum
1364 1937 1414 1990 est

161 2059 233 2100 earn
256 2058 339 2119 quae
361 2038 391 2099 in
410 2036 459 2100 Co
481 2038 627 2099 consedit
640 2035 872 2100 Thessalorum
895 2046 1022 2118 partem
1043 2055 1126 2116 quos
1148 2036 1277 2101 colebat
1296 2037 1413 2102 heroes

160 2151 257 2211 etiarn
286 2149 374 2231 apud
401 2168 436 2210 se
464 2157 557 2210 natos
586 2167 657 2209 esse
680 2147 739 2210 sibi
761 2145 901 2209 finxisse.
941 2145 1186 2212 Contaminatae
1202 2159 1310 2212 autern
1326 2170 1413 2232 repe-

160 2261 282 2323 riuntur
302 2269 336 2323 et
354 2259 585 2323 Thessalorum
605 2269 638 2322 et
655 2257 798 2322 Coorum
814 2257 941 2321 fabulae
958 2260 988 2321 in
1004 2259 1182 2322 Nostorum
1199 2281 1282 2342 quae
1299 2253 1413 2324 vocan-

158 2382 209 2434 tur
244 2370 436 2436 carminibus
470 2371 514 2434 ita
548 2380 583 2433 ut
616 2368 686 2433 Coa
719 2368 828 2432 sabula
861 2371 1030 2453 supposita
1062 2370 1178 2434 heroes
1213 2371 1284 2434 illos
1316 2371 1415 2434 Troia

158 2484 328 2546 redeuntes
358 2491 554 2564 tempestate
584 2481 650 2544 sive
673 2480 842 2563 Ephyram
873 2481 940 2543 sive
970 2482 1011 2544 ad
1035 2481 1236 2545 Thessaliam
1261 2483 1415 2564 depulsos

159 2615 229 2657 esse
252 2595 474 2676 excogitatum
497 2594 580 2673 sit4).
632 2669 634 2673 Ι

160 2810 301 2874 sumpserit.
336 2810 421 2858 Verba
444 2809 572 2859 Plutarchi
596 2810 629 2858 de
653 2807 814 2858 matrimonio
832 2807 950 2857 Herculis
972 2825 1048 2873 supra
1071 2809 1148 2859 allata
1173 2809 1248 2859 totius
1265 2808 1416 2859 narrationis

161 2893 237 2942 nexui
259 2894 323 2942 adeo
348 2909 401 2943 non
424 2895 585 2952 conveniunt,
611 2904 639 2943 ut
663 2909 694 2941 ne
719 2893 760 2941 hic
783 2892 885 2957 quidem
909 2909 977 2943 mos:
1003 2889 1055 2950 τὰς
1077 2889 1193 2966 νύμφας
1215 2897 1243 2946 ot
1260 2894 1417 2962 γαμοῦντες

162 2977 319 3036 δεξιοῦνται
337 2981 498 3044 γυναικείαν
517 2977 615 3041 στολὴν
633 2981 815 3047 περιθέμενοι
832 2976 891 3027 iude
909 2979 1054 3043 explicetur.

248 3062 271 3126 ¹)
290 3062 376 3112 Schol.
396 3063 425 3111 ll.
445 3063 515 3122 XIV,
536 3074 598 3128 2553
620 3063 651 3113 cf.
671 3064 750 3112 schol.
768 3063 841 3112 Pind.
854 3063 929 3112 Nem.
948 3065 993 3123 IV,
1007 3078 1042 3126 40
1054 3075 1079 3114 et
1091 3067 1202 3116 tabulam
1217 3065 1412 3114 Farnesianam:

158 3148 357 3213 Jahn-Michael.
376 3148 470 3212 griech.
489 3148 713 3197 Bilderchroniken
731 3164 757 3212 p.
776 3159 817 3209 70,
838 3161 887 3211 232
905 3164 961 3213 sqq.

246 3231 271 3298 ²)
290 3235 321 3283 In
342 3234 439 3299 Hygin.
457 3234 508 3286 fab.
527 3245 559 3296 97
578 3234 680 3283 exhibet
698 3235 757 3284 cod.
777 3236 819 3285 F.:
837 3236 985 3300 ‘Antiphus¹
1008 3235 1116 3299 Mnesyli
1134 3243 1158 3284 et
1172 3235 1322 3300 Chalciopes
1339 3234 1413 3295 filius,

160 3321 298 3370 Thessalus
316 3321 422 3369 navibus
440 3321 511 3370 XX.’
541 3319 704 3369 Desideratur
722 3335 781 3369 sane
799 3320 820 3369 is
838 3321 881 3385 qui
900 3320 969 3383 Cois,
989 3320 1072 3383 Nisyri
1091 3330 1139 3371 etc.
1158 3322 1246 3370 incolis
1265 3321 1413 3387 imperabat,

160 3415 187 3454 ut
210 3421 270 3455 vera
295 3405 393 3470 Hygini
417 3406 495 3454 verbs
518 3405 636 3470 Micyllus
660 3406 789 3470 eleganter
808 3406 943 3455 restituisse
968 3406 1084 3454 videatur
1101 3422 1158 3456 cum
1176 3407 1305 3456 scriberet:
1332 3407 1416 3455 <Anti-

161 3493 235 3559 phus,
255 3491 370 3540 Thessali
394 3498 419 3539 et
437 3490 524 3540 Chalc.
543 3491 618 3550 lilius,
639 3490 730 3555 Nisyro
750 3497 809 3540 etc)
839 3493 912 3540 Tunc
930 3490 1082 3555 genealogia
1100 3492 1132 3539 ab
1150 3492 1185 3541 eis
1203 3507 1265 3556 quas
1276 3491 1414 3549 attulimus,

161 3577 274 3644 paullum
292 3577 384 3626 differt.

245 3660 269 3727 8)
289 3663 328 3714 Ps.
347 3663 453 3713 Aristot.
473 3663 543 3728 pepl.
564 3679 605 3728 ep.
626 3674 658 3727 39
678 3661 779 3729 (ng.):

400 3748 565 3802 Φείδιππον
586 3752 689 3816 Τροίην
706 3745 839 3817 πέροανῐ’
861 3742 907 3811 ἠδ’
923 3739 1055 3816 Ἄντιφον
1072 3740 1130 3817 ἥρω

400 3839 468 3903 γαῖα
487 3836 587 3905 πατρὶς
604 3829 693 3899 Κῴων
710 3827 758 3895 ἥδ’
776 3826 881 3902 Ἐφύρα
900 3836 1017 3900 κατέχει.
1102 3854 1105 3859 ·

161 3919 303 3983 Phidippus
326 3920 389 3968 redit
413 3921 438 3968 in
459 3921 587 3978 Phidone,
613 3920 814 3983 Thesprotorum
839 3933 898 3981 rege
923 3917 1028 3982 (Odyss.
1053 3919 1125 3977 XIV,
1152 3919 1217 3980 316;
1244 3918 1318 3977 XIX,
1344 3913 1416 3980 287).

162 4003 203 4052 Ct'.
227 4004 288 4052 Hill.
307 4021 330 4052 v.
350 4005 493 4068 Gaertring.
531 4007 596 4052 ‘Aus
614 4005 658 4052 der
676 4005 797 4052 Anomia‘
818 4020 844 4067 p.
866 3999 907 4052 2⁸.

247 4087 270 4154 ⁴)
290 4089 328 4138 Cl.
347 4090 494 4139 Buttmann.
515 4090 621 4153 mythol.
640 4090 675 4149 11,
698 4089 757 4152 258.
793 4088 904 4137 Velleius
922 4088 1017 4139 Paterc.
1037 4088 1058 4145 1,
1082 4102 1104 4148 1,
1128 4087 1418 4153 1Phidippumvenisse

163 4171 294 4240 Ephyram
312 4175 400 4239 tradit3
420 4183 507 4225 contra
525 4175 550 4224 in
569 4175 724 4240 Apollodori
742 4175 804 4223 bibl.
822 4173 970 4238 fragmentis
983 4172 1131 4221 Sabbaiticis
1144 4169 1248 4236 (Rhein.
1260 4171 1327 4222 Mus.
1343 4171 1416 4234 1891,

162 4278 187 4326 p.
210 4272 266 4322 174,
292 4261 336 4310 ubi
359 4262 392 4309 de
413 4260 522 4310 ‘Nostis‘
542 4261 636 4324 agitur)
656 4260 777 4324 legimus:
798 4252 931 4328 ’Ἄντιφος
948 4258 980 4311 δὲ
999 4253 1014 4308 ὃ
1034 4257 1177 4311 Θεσσαλοῦ
1195 4260 1235 4316 εὶς
1256 4251 1420 4326 Πελασγοὺς
