3142 4986
675 271 886 334 —60-

154 443 300 524 Sauppio
320 440 554 522 adstipulantur
576 442 628 521 (de
644 443 728 504 dem.
746 442 814 506 urb.
830 462 862 522 p.
880 457 937 519 233
962 439 1003 507 cf.
1020 441 1062 505 A.
1080 441 1273 515 Mommsen,
1297 439 1413 503 Heort.

149 577 187 638 p.
205 568 263 632 205
280 553 364 634 sqq.)
389 555 411 634 ).
436 592 475 600 —
498 551 631 614 Sacrum
655 553 820 634 quoddam
836 552 981 634 Apollini
1004 572 1078 615 cum
1093 551 1224 615 Baccho
1240 568 1414 614 commune

155 667 187 729 in
211 665 289 728 urbe
310 663 407 726 fuisse
429 663 564 736 videtur,
588 664 741 744 quoniam
764 660 882 748 Φοίβῳ
901 660 960 728 καὶ
986 658 1109 748 Βάκχῳ
1131 661 1250 726 Bacchi
1272 670 1414 727 statuam

155 775 252 838 offert
280 775 397 837 tibicen
417 773 530 836 Aristo
555 774 633 857 (Pat.
657 795 702 837 nr.
730 772 791 858 58).
837 771 930 853 Quae
952 795 1004 838 res
1025 776 1123 839 etiam
1150 773 1254 853 magis
1276 771 1413 835 fortasse

155 885 302 961 effertur,
332 886 358 948 si
388 906 427 948 ea
458 906 540 967 quae
570 886 611 949 de
640 884 716 948 Anii
746 883 854 946 fabula
882 885 992 946 monui
1020 883 1202 946 contuleris.
1233 918 1273 929 -
1304 882 1413 945 Etiam

155 997 348 1060 musicarum
382 997 498 1060 artium
530 1005 686 1077 patronus
723 1003 794 1064 erat
830 994 956 1076 Apollo
992 993 1089 1059 Cous,
1147 995 1198 1058 Ita
1234 996 1320 1058 enim
1353 994 1414 1076 ipsi

155 1107 321 1189 Musisque
331 1108 356 1188 ²)
387 1107 567 1188 praemium
595 1106 760 1185 quoddam
789 1106 942 1167 victoriae
971 1104 1093 1168 cithara
1115 1115 1227 1186 partae
1250 1125 1269 1167 a
1291 1105 1414 1167 victore

155 1219 322 1280 dedicatur
344 1218 423 1299 (Pat.
448 1238 494 1280 nr.
520 1220 581 1297 59).
987 1287 990 1292 ,

241 1329 439 1393 Halasarnae
474 1328 598 1410 Apollo
631 1347 693 1389 una
723 1348 796 1389 cum
830 1327 970 1392 Hercule
1003 1327 1169 1390 colebatur
1201 1348 1221 1389 a
1249 1325 1412 1402 tribubus;

155 1461 292 1522 quarum
326 1441 492 1502 decretum
500 1440 527 1520 ⁸)
562 1440 602 1502 de
634 1439 680 1500 eis
709 1438 867 1501 habemus
897 1439 1012 1520 quibus
1043 1439 1206 1520 utriusque
1234 1439 1286 1501 dei
1315 1437 1413 1508 sacris

156 1571 259 1633 aeque
289 1551 442 1612 interesse
473 1550 560 1612 licuit
591 1549 671 1629 (Pat.
695 1570 740 1611 nr.
768 1551 844 1631 3673
871 1549 957 1612 Dub.
981 1571 1013 1631 p.
1035 1551 1076 1612 26
1098 1569 1190 1632 sqq.;
1217 1549 1273 1611 III.
1297 1547 1363 1611 fere
1383 1569 1412 1613 a.

157 1661 232 1725 Chr.
255 1663 362 1740 saec).
407 1660 539 1721 Nullum
566 1661 608 1722 ibi
630 1661 760 1742 quidem
783 1661 940 1725 invenitur
962 1671 1187 1742 argumentum
1209 1661 1289 1723 alius
1312 1659 1413 1731 trihus

156 1772 345 1854 Apollinem
375 1755 542 1852 proprium
571 1771 684 1846 fuisse,
715 1772 794 1834 alius
821 1772 995 1834 Herculem
1004 1773 1041 1854 4).
1089 1771 1181 1834 Licet
1210 1781 1320 1834 autem
1345 1771 1413 1833 deis

156 1882 299 1944 colendis
328 1882 481 1944 interesse
513 1882 695 1945 hominibus
724 1902 799 1945 vere
827 1883 1004 1958 tribulibus
1036 1904 1099 1946 non
1129 1892 1254 1944 tantum
1283 1882 1313 1944 in
1341 1883 1414 1964 ipso

155 1995 260 2064 dem0,
285 1994 341 2054 sed
365 1993 396 2054 in
417 2002 486 2055 tota
512 1994 633 2068 insula;
657 2014 796 2075 namque
823 1994 921 2056 veluti
943 1996 1108 2057 decretum
1131 2003 1166 2055 ut
1188 1993 1338 2055 omnibus
1361 2013 1414 2074 pa·

155 2105 220 2166 lam
250 2103 315 2178 fiat,
347 2106 443 2166 etiam
472 2106 503 2166 in
534 2106 612 2167 urbe
644 2107 781 2187 proponi
804 2105 930 2168 iubetur
951 2109 993 2186 (v.
1019 2119 1058 2185 59
1080 2107 1152 2185 sq).
1174 2142 1216 2150 -
1238 2105 1290 2167 De
1313 2124 1415 2166 sacer-

156 2216 246 2278 dotio
275 2217 450 2278 sortiuntur
479 2218 522 2298 (v.
545 2233 587 2296 90
609 2217 680 2296 sq).
704 2253 745 2263 -
769 2216 927 2278 Heraclea
954 2226 1060 2278 utrum
1083 2214 1280 2296 Hyacinthio
1303 2235 1345 2277 an
1367 2235 1414 2277 se

156 2328 266 2409 quenti
301 2328 442 2408 quodam
477 2347 587 2389 mense
621 2327 782 2389 celebrata
812 2329 875 2389 sint
904 2328 1076 2390 obscurum
1106 2336 1170 2403 est;
1205 2329 1288 2407 quae
1317 2327 1415 2390 Dalio

155 2447 264 2500 autem
296 2458 407 2500 mense
438 2439 618 2519 agebantur
652 2437 748 2500 feriae
782 2439 868 2500 haud
905 2440 1002 2502 dubie
1032 2440 1063 2500 in
1092 2437 1255 2519 Apollinis
1284 2438 1416 2500 laudem

155 2558 247 2611 erant
269 2549 364 2618 Delii,
387 2588 426 2597 —
450 2549 500 2611 De
524 2569 557 2611 re
580 2552 721 2628 quadam
744 2550 848 2611 eidem
871 2550 1099 2632 Halasarnensi
1121 2551 1184 2612 deo
1205 2549 1315 2611 oblata
1338 2549 1415 2631 legi-

155 2669 206 2722 tur
228 2660 260 2720 in
282 2659 376 2721 titulo
399 2660 487 2740 apud
507 2660 574 2722 Pat.
599 2681 644 2722 nr.
668 2675 746 2740 3723
771 2661 856 2724 Dub.
880 2681 911 2742 p.
940 2679 986 2740 19.

242 2770 411 2851 Phyxae⁵)
444 2773 541 2833 demo
576 2791 695 2833 nomen
726 2773 814 2833 dedit
836 2771 960 2854 Apollo
991 2763 1113 2851 Φύξιος
1134 2771 1247 2853 (schol.
1271 2771 1414 2841 Theocr.

155 2881 229 2954 VII,
257 2882 337 2960 130),
362 2882 450 2962 quod
473 2902 655 2962 cognomen
678 2883 806 2964 saepius
829 2883 975 2957 occurrit,
999 2884 1189 2964 plerumque
1211 2891 1321 2944 tamen
1344 2882 1415 2945 Iovi

155 2992 306 3070 inditum;
337 2994 469 3073 agnosci
500 3013 577 3056 vero
606 3002 716 3081 potest
743 3003 799 3056 aut
828 2994 854 3055 is
885 2995 939 3075 qui
967 2994 1079 3058 hostes
1108 2997 1139 3058 in
1170 2993 1257 3056 bello
1279 3003 1334 3055 aut
1358 2994 1414 3081 qui

155 3103 327 3165 scelestum
349 3101 515 3166 hominem
535 3103 647 3185 fugere
669 3105 765 3185 cogit.

241 3307 264 3375 ¹)
284 3311 314 3358 ln
336 3310 423 3375 lapide
441 3311 559 3360 Rhodiae
577 3313 686 3360 Peraeae
704 3309 780 3375 (bull.
800 3312 832 3360 de
851 3327 915 3361 corr.
936 3313 969 3371 X,
991 3311 1052 3376 258)
1075 3311 1179 3361 fortasse
1202 3311 1340 3375 legendum
1358 3319 1411 3361 est:

153 3387 328 3453 ’Λπόλλωνος
344 3392 576 3464 Πε[ταγειτνίου].

239 3477 264 3544 ⁹)
284 3480 315 3528 ln
334 3496 421 3531 earum
438 3481 563 3532 honorem
581 3481 706 3531 Artamitii
724 3482 765 3530 die
784 3482 856 3531 XIX.
876 3497 972 3546 pompa
989 3483 1173 3532 instaurabatur
1192 3478 1293 3546 (Paton.
1308 3497 1346 3532 nr.
1358 3481 1414 3548 43).

240 3563 263 3631 ⁸)
283 3566 361 3630 Quod
387 3566 490 3632 publica
513 3566 660 3616 auctoritate
683 3567 750 3617 istud
772 3566 915 3618 confirmari
938 3567 1024 3630 debet,
1048 3584 1079 3618 ea
1101 3578 1215 3631 tempora
1240 3567 1335 3618 indicat
1354 3583 1413 3617 cum

155 3652 233 3703 tribus
261 3651 364 3717 publica
392 3659 517 3716 potestate
548 3652 652 3700 orbatae
679 3651 706 3699 in
728 3651 803 3700 sacris
827 3659 924 3701 tantum
947 3653 1022 3701 rebus
1043 3652 1200 3716 aliquantum
1222 3652 1341 3704 valebant
1365 3650 1410 3716 (cs.

155 3738 256 3791 Dubois
273 3755 299 3804 p.
317 3735 371 3802 33).

240 3820 264 3888 ⁴)
283 3823 402 3872 Patonius
425 3823 451 3871 in
474 3823 547 3872 titulo
571 3837 610 3873 nr.
633 3821 683 3888 368
708 3822 861 3887 explicando
884 3823 970 3872 statuit
994 3821 1140 3887 Apollinem
1165 3823 1243 3872 tribus
1264 3824 1412 3888 Dymauum

155 3920 290 3979 patronum
312 3907 396 3967 fuisse,
422 3908 559 3958 Herculem
582 3908 747 3973 Hylleorum3
774 3908 929 3973 Pamphylos
953 3924 1013 3957 vero
1036 3907 1142 3972 proprio
1165 3908 1217 3958 iure
1234 3909 1339 3967 omniuo
1357 3923 1411 3967 nou

155 3995 295 4047 interfuisse
313 3993 362 4042 illis
383 3993 467 4043 sacris.

240 4077 263 4145 ⁶)
282 4080 321 4129 lta
339 4094 396 4128 vere
414 4095 472 4127 eum
493 4079 627 4138 nominari,
648 4078 695 4128 etsi
712 4079 738 4127 in
756 4079 886 4129 Theocriti
905 4079 1114 4143 Vll,13olibris
1125 4073 1204 4142 Πόξα
1223 4078 1342 4130 traditum
1359 4086 1406 4140 est,

155 4168 309 4221 donnonstrat
327 4164 414 4213 titulus
433 4165 509 4223 Cous,
530 4165 555 4213 in
573 4180 625 4228 quo
642 4164 735 4228 legitur
752 4157 768 4213 ὁ
788 4163 880 4230 δᾶμος
897 4159 1070 4222 tentamus
1086 4164 1150 4229 (Pat.
1162 4182 1200 4215 nr.
1212 4163 1287 4229 328);
1306 4172 1332 4222 et
1349 4164 1409 4221 item

155 4252 216 4305 ullm
233 4249 358 4315 scripserit
376 4264 477 4299 necesse
495 4257 533 4299 est
550 4258 640 4299 auctor
657 4249 820 4307 scholiorum,
841 4266 899 4299 cum
916 4250 971 4314 ipsa
982 4250 1051 4299 demi
1062 4265 1158 4305 nomen
1169 4243 1274 4315 (Πύξα)
1287 4249 1410 4315 copulent

153 4353 210 4391 uum
229 4334 350 4401 Apolline
368 4333 466 4398 Phyxio
485 4335 525 4382 vel
545 4335 607 4398 fuga
623 4331 724 4404 (φύξις)
742 4335 868 4384 Herculis.
