3142 4986
695 311 883 384 -9'-

167 476 229 536 iam
260 475 494 546 discernantur,
524 495 583 554 per
612 483 715 536 totam
744 473 811 536 fere
841 472 1009 536 Graeciam
1040 477 1243 560 consociatae
1273 477 1423 539 eveniunt

166 586 317 665 reliquiae
346 586 436 646 unius
461 584 537 645 olim
561 585 706 646 nationis.
752 585 820 646 Iam
844 606 921 646 vero
942 586 1094 667 indagare
1117 596 1255 667 oportet,
1281 607 1357 649 num
1380 589 1422 650 ad

165 696 300 758 eandem
330 697 492 757 nationem
524 694 630 757 referri
662 695 787 776 possint
809 716 848 757 ea
871 696 1044 776 Meropum
1061 699 1201 785 ,uestigia
1225 718 1307 778 quae
1328 709 1421 760 extra

166 806 333 869 Graeciam
354 797 560 887 reperiuntur}
599 806 710 886 Atque
730 805 780 867 hic
799 807 853 867 vix
876 807 962 868 casui
981 808 1150 886 quisquam
1170 808 1314 870 tribuerit
1334 810 1422 893 quod

166 918 214 980 his
227 938 356 999 quoque
369 918 515 979 omnibus
531 916 595 978 lere
608 927 713 979 certus
726 937 798 978 cum
812 917 954 979 Arcadia
966 939 1069 995 nexus
1081 919 1259 980 intercedit:
1275 918 1421 999 cretae1)

170 1178 292 1235 δονικοῖς
315 1176 416 1241 (Steph.
437 1176 496 1236 Byz.
515 1191 535 1224 s.
553 1192 578 1223 v.
597 1169 731 1243 Ὀρέσται)
756 1184 781 1223 et
801 1192 816 1222 a
835 1175 959 1224 Strabone
978 1173 1048 1236 (vlt,
1068 1174 1142 1237 326);
1170 1176 1229 1224 item
1247 1192 1329 1225 rursus
1345 1179 1422 1225 Arca-

167 1265 223 1313 diae
243 1264 338 1328 oppida
357 1262 490 1311 Oresteum
510 1258 611 1324 (Eurip.
630 1259 674 1309 Or.
696 1259 769 1321 1647,
790 1258 855 1324 alii),
880 1260 968 1324 Tegea
987 1259 1071 1323 (Paus.
1091 1261 1165 1319 VIII,
1187 1273 1228 1324 54,
1248 1260 1286 1325 4),
1307 1263 1423 1326 Megalo·

167 1349 232 1414 polis
255 1347 339 1414 (Paus.
363 1347 437 1401 VIII,
459 1359 502 1408 343
528 1345 616 1410 Steph.
643 1347 702 1409 Byz.
728 1361 746 1394 s.
765 1343 810 1408 v.).
852 1346 950 1393 Tamen
973 1345 1036 1394 haec
1060 1362 1104 1410 per
1129 1361 1154 1394 se
1178 1346 1247 1394 haud
1270 1347 1305 1396 ita
1328 1348 1422 1405 valent,

169 1437 289 1499 quoniam
317 1433 372 1481 aliis
398 1447 500 1497 quoque
528 1431 590 1479 locis
619 1431 763 1480 communia
791 1440 857 1479 sunt.
882 1457 913 1466 -
936 1432 1106 1480 Macedonum
1135 1432 1279 1496 provinciae
1307 1448 1371 1496 quae
1398 1428 1423 1482 e't

167 1520 280 1568 Orestiae
304 1530 328 1568 et
345 1518 512 1582 Tymphaeae
535 1525 559 1564 et
577 1516 723 1564 Thessaliae
746 1524 783 1564 est
801 1516 915 1571 finitima,
943 1533 1036 1565 nomen
1055 1525 1107 1566 erat
1126 1517 1206 1581 vulgo
1226 1518 1326 1574 Elimia,
1353 1519 1421 1583 apud

165 1605 337 1654 Ptolemaeum
366 1619 455 1667 geogr.
483 1601 531 1659 III,
562 1614 600 1659 12,
627 1615 658 1663 23
689 1601 741 1664 (ed.
766 1599 855 1665 Wilb.)
886 1601 978 1664 Elyma
1005 1600 1087 1664 (iuxta
1119 1598 1314 1668 Ἐλιμιωτῶν);
1348 1605 1422 1653 huius

166 1705 306 1755 eponymus
328 1696 364 1737 est
388 1687 493 1750 Elymus
520 1684 622 1750 (steph.
648 1686 706 1749 Byz.
732 1703 751 1734 s.
778 1702 819 1735 vv.
841 1680 958 1751 Ἐλιμία,
984 1680 1101 1750 Alerni).
1145 1687 1178 1736 Et
1202 1689 1327 1737 Arcadiae
1350 1689 1422 1739 loc'us

167 1775 266 1839 Elymia
284 1774 422 1822 vocabatur
440 1772 504 1820 inter
522 1770 712 1820 Orchomenum
730 1780 754 1819 et
773 1772 928 1821 Mantineam
949 1773 1009 1820 situs
1028 1771 1161 1838 (Xenoph.
1182 1775 1251 1823 Hell.
1266 1775 1313 1833 VI,
1330 1786 1353 1839 5,
1372 1773 1422 1839 13).

166 1861 217 1908 Sed
241 1860 290 1908 hoc
313 1875 366 1906 non
390 1858 464 1915 satis;
492 1857 525 1904 ad
548 1857 682 1904 Arcadiam
706 1857 782 1905 etiam
800 1857 866 1905 redit
884 1858 1075 1922 quodammodo
1094 1875 1157 1922 gens
1175 1859 1332 1924 Elymorum,
1358 1877 1423 1925 quae

168 1945 267 1992 Siciliae
286 1954 422 1992 extremam
441 1952 537 2006 partem
557 1943 649 1990 circum
669 1942 775 2006 Erycem
797 1951 822 1990 et
840 1944 960 2007 Egestam
979 1948 1089 1992 tenebat.
1123 1945 1179 1993 Hos
1197 1946 1263 1994 enim
1282 1947 1422 2010 heroesque

165 2030 282 2093 Elymum
308 2038 332 2076 et
350 2030 485 2090 Aegestem
510 2027 596 2076 sabula
619 2029 721 2092 copulat
740 2044 796 2076 cum
816 2029 893 2077 Troia
911 2029 997 2092 eisque
1015 2029 1134 2078 heroibus
1153 2029 1195 2094 qui
1213 2030 1291 2094 vulgo
1310 2027 1439 2080 seruntur

165 2114 278 2171 Troiani,
304 2113 414 2161 Anchise
433 2114 520 2161 Aenea
540 2109 575 2175 (v.
594 2113 725 2172 Klausen.‚
746 2115 810 2162 Aen.
829 2129 853 2161 u.
873 2113 898 2162 d.
918 2115 1003 2162 Penat.
1023 2131 1048 2178 p.
1067 2113 1225 2177 479-487).
1266 2115 1320 2164 Nec
1337 2125 1421 2166 tamen

165 2200 191 2248 hi
214 2208 270 2248 sunt
295 2199 409 2263 primitus
426 2199 540 2253 Troiani,
566 2199 611 2246 sed
630 2199 655 2246 ni
673 2199 758 2247 omnia
776 2198 875 2254 fallunt,
901 2199 1020 2247 Arcades.
1058 2199 1184 2248 Anchisae
1206 2202 1310 2250 Aeneae
1330 2203 1422 2266 Capyis

165 2285 278 2334 Dardani
303 2300 367 2349 quae
392 2285 457 2332 circa
485 2285 675 2333 Orchomenum
701 2284 857 2333 Mantineam
882 2284 1000 2349 Caphyas
1026 2284 1154 2333 Pheneum
1174 2286 1328 2349 Psophidem
1347 2289 1422 2336 obvia

164 2379 222 2420 sunt
240 2371 345 2432 vestigia
365 2369 492 2433 congessit
503 2369 648 2416 Klausenus
666 2369 683 2416 l.
702 2369 718 2417 l.
737 2385 763 2433 p.
781 2369 924 2431 361—373.
958 2369 1042 2430 Quid?
1065 2370 1136 2433 quod
1147 2369 1276 2434 Psophide
1296 2382 1355 2422 sunt
1372 2390 1420 2431 res,

165 2472 230 2520 quae
253 2464 339 2520 aperte
362 2456 395 2503 ad
420 2454 531 2504 Siciliam
555 2461 677 2519 spectent.
722 2453 760 2501 Ibi
785 2453 851 2501 enim
875 2463 899 2500 et
924 2453 1046 2516 Erycinae
1069 2456 1174 2504 Veneris
1199 2471 1296 2504 sacrum
1320 2470 1373 2507 erat
1397 2468 1422 2508 et

165 2541 319 2605 Psophidem
344 2549 435 2589 vocant
454 2540 541 2604 Erycis
559 2537 645 2599 filiam,
667 2554 743 2603 quam
763 2548 834 2602 pater
852 2539 886 2586 ibi
906 2539 1033 2603 reliquerit
1052 2539 1136 2602 (Paus.
1157 2541 1230 2599 VIII,
1253 2556 1295 2603 24,
1315 2544 1422 2608 2sqq.).

165 2630 233 2690 Eryx
261 2637 344 2676 autem
372 2634 409 2674 est
436 2626 583 2687 Elymorum
613 2623 656 2688 (cf.
680 2625 803 2688 Apollod.
830 2626 863 2686 ΙΙ,
889 2624 924 2688 5).
973 2625 1029 2674 Tali
1057 2625 1133 2688 igitur
1160 2627 1258 2675 ratione
1284 2629 1422 2679 Arcadicae

167 2713 315 2776 Siculaeque
344 2727 382 2760 res
407 2711 554 2774 Elymorum
583 2711 699 2758 videntur
726 2726 757 2758 ex
781 2726 832 2758 uno
857 2711 926 2758 sonte
954 2710 1065 2759 duxisse:
1095 2711 1144 2760 ium
1171 2713 1289 2770 maxime,
1320 2715 1419 2778 opinor,

167 2799 287 2862 probatur
305 2797 380 2845 etiam
392 2797 571 2845 Macedonicas
589 2797 680 2844 eodem
698 2796 811 2844 attinere.
834 2825 862 2832 -
882 2796 952 2860 Epiri
971 2805 1028 2844 sunt
1040 2796 1159 2862 Tymphe
1176 2813 1250 2845 mons
1262 2799 1422 2863 Tymphaea-

168 2898 216 2946 que
241 2883 299 2928 urbs
320 2879 419 2945 (Steph.
443 2883 502 2944 Byz.
527 2899 546 2932 s.
566 2898 608 2928 vv.
630 2881 661 2929 cl.
680 2881 808 2945 Lycophr.
827 2881 869 2930 Al.
888 2880 950 2937 802)
973 2883 1112 2945 eademque
1135 2882 1291 2947 Stymphaea
1313 2883 1422 2945 (Arrian.

167 2968 242 3016 anab.
261 2967 282 3026 Ι,
306 2979 329 3027 7,
346 2978 375 3029 5,
396 2967 474 3014 Diod.
494 2967 554 3023 XX,
575 2966 621 3022 283
649 2966 715 3014 Plut.
736 2966 822 3029 Pyrrh.
841 2966 877 3028 6).
915 2967 944 3015 ln
970 2967 1069 3016 CaIIIm.
1090 2967 1177 3030 hymn.
1197 2967 1272 3018 Dian.
1295 2970 1341 3030 178
1365 2971 1422 3018 libri

168 3053 289 3116 praebent
307 3048 511 3120 Zruprpur'ldtc,
532 3068 588 3100 cum
608 3052 712 3101 adnotet
731 3051 880 3099 scholiasta:
904 3049 1022 3122 Τύμφαι
1040 3061 1087 3102 etc.
1108 3049 1150 3117 [cf.
1169 3047 1293 3122 σμοκρίςι
1312 3051 1420 3122 μικρός,

168 3130 287 3206 σπυρόςε
310 3129 407 3205 πυρός,
429 3133 497 3200 alial.
533 3137 655 3201 Styrnphe
673 3152 732 3185 vero
751 3153 844 3185 nomen
863 3137 930 3185 idem
949 3147 986 3186 est
1004 3137 1074 3201 quod
1094 3138 1232 3187 Arcadicae
1252 3140 1320 3188 urbis
1339 3141 1421 3201 Stym-

167 3223 271 3288 phelus;
299 3223 369 3286 quod
388 3222 510 3286 probatur
528 3237 584 3269 cum
603 3222 690 3270 eadem
710 3222 759 3269 lere
778 3237 869 3270 vocum
888 3227 1004 3292 γαμφαί
1021 3223 1172 3292 γαμφηλαί
1188 3225 1295 3295 radone,
1322 3234 1373 3274 tum
1393 3243 1423 3276 ea

168 3325 193 3357 re
214 3309 284 3371 quod
303 3307 432 3355 Euboicae
451 3307 566 3355 Chalcidi
585 3307 655 3370 quod
674 3307 733 3355 olim
753 3306 799 3356 suit
817 3323 910 3356 nomen
929 3309 1007 3356 modo
1026 3309 1119 3372 legitur
1136 3304 1309 3379 Στύμφηλος
1323 3309 1423 3376 (Steph.

168 3396 227 3456 Byz.
246 3409 265 3442 s.
285 3411 308 3442 v.
329 3391 457 3455 Χαλκίς),
478 3393 555 3440 modo
574 3388 695 3462 Στύμφη
716 3392 839 3455 (Hesych.
861 3409 879 3442 s.
899 3394 943 3455 ν.).
959 3421 989 3428 -
1008 3391 1139 3463 Τὸμαρος
1157 3396 1196 3443 vel
1217 3392 1330 3466 Τμάρος
1350 3413 1423 3446 mons

169 3479 201 3528 ad
225 3479 363 3528 Dodonanr
387 3478 463 3526 situs:
497 3478 589 3526 Strabo
608 3479 669 3535 Vll,
690 3490 739 3541 327
758 3493 809 3541 sq.;
836 3478 925 3543 Steph.
946 3481 1004 3543 Byz.
1023 3495 1042 3528 S.
1061 3495 1100 3536 v.;
1125 3475 1238 3550 Τμάρος
1256 3498 1332 3535 mons,
1347 3485 1423 3532 Arca·

169 3564 239 3612 diae:
260 3565 370 3629 Hesych.
391 3580 410 3613 s.
429 3581 452 3612 v.

255 3647 276 3712 1)
295 3649 384 3698 Cretae
405 3650 476 3698 locus
493 3644 633 3719 'Aparidecz
655 3650 744 3714 Steph.
767 3651 826 3713 Byz.
847 3665 866 3698 s.
886 3666 925 3709 v.;
947 3651 972 3698 in
991 3667 1095 3700 nummo
1114 3651 1159 3720 ἐφ.
1178 3646 1241 3722 cipp.
1260 3654 1309 3712 ΙΙΙ,
1325 3670 1349 3717 p.
1368 3666 1424 3715 197,

170 3734 295 3782 Arcadiae
316 3736 386 3784 locus
404 3739 514 3803 Κρητέα
534 3737 558 3784 in
577 3737 676 3800 Lycaeo
696 3744 782 3784 monte
799 3735 881 3798 (Paus.
900 3736 974 3796 V111,
997 3736 1039 3800 38,
1060 3738 1096 3802 2).
1130 3739 1261 3787 Ambabus
1278 3738 1424 3801 regionibus

171 3819 314 3868 communia
332 3820 422 3870 horum
441 3822 556 3870 locorum
575 3821 679 3870 nomina
693 3829 765 3870 sunt:
787 3822 880 3882 Θξναί,
904 3825 991 3886 Τεγέα
1005 3821 1103 3887 <Steph
1117 3825 1176 3887 Byz.
1190 3840 1210 3877 s.
1226 3822 1288 3886 vn),
1310 3818 1423 3892 Γόρτυν.

171 3905 250 3952 Porro
268 3903 332 3952 intra
349 3907 449 3970 Tegeae
469 3905 531 3956 fines
549 3916 601 3956 erat
620 3923 693 3955 mons
711 3900 842 3973 Κρήσιον,
863 3907 888 3954 in
908 3923 959 3970 quo
978 3909 1087 3972 Aerope,
1114 3909 1210 3973 Cephei
1229 3907 1288 3967 filia,
1310 3925 1323 3956 e
1342 3909 1423 3959 Marte

172 3991 302 4052 Aeropum
326 3993 449 4056 peperisse
473 3992 563 4042 dicitur
582 3991 667 4056 (Paus.
688 3993 762 4048 Vlll,
783 4006 825 4052 44,
848 3991 881 4055 7).
918 3991 971 4041 Nec
996 4009 1048 4041 non
1073 3995 1199 4044 Cretensis
1224 4002 1304 4042 exstat
1321 3996 1423 4064 Aerope

172 4076 372 4138 Agamemnonis
390 4087 415 4126 et
432 4078 542 4127 Menelai
567 4089 654 4134 muter,
680 4078 731 4126 filia
749 4078 840 4135 Catrei,
867 4078 910 4141 qui
931 4095 945 4126 a
965 4077 1052 4127 Cretae
1071 4080 1133 4128 urbe
1150 4080 1226 4135 vCatre
1243 4080 1292 4143 (vel
1312 4080 1424 4147 Carreus)

172 4174 266 4208 nomen
290 4159 361 4209 duxit
384 4160 517 4226 (Apollod.
537 4165 585 4220 III,
608 4178 630 4220 2,
655 4162 689 4225 1).
727 4164 755 4211 ln
779 4163 844 4211 hanc
868 4179 928 4211 vero
952 4163 1039 4211 urbem
1063 4179 1092 4234 ac
1111 4164 1250 4226 Gortynem
1270 4165 1423 4227 Cydoniam·

172 4260 221 4309 que
247 4244 372 4309 Tegeatas
394 4247 455 4295 olim
476 4249 690 4312 transmigravisse
709 4248 795 4296 fabula
816 4259 869 4296 erat
890 4247 974 4312 (Paus.
994 4249 1067 4305 Vlll,
1090 4260 1131 4312 53,
1152 4249 1189 4311 4).
1225 4249 1267 4297 Ad
1285 4259 1423 4299 extremum
