3142 4986
684 300 811 368 -54
856 324 897 334 -

245 459 297 519 De
326 449 486 518 sacrificiis
515 458 714 536 quibusdam
729 466 776 519 ‘ac
806 459 888 520 ludis
919 449 1079 539 gymnicis
1101 459 1169 520 Iovi
1199 468 1232 520 et
1254 458 1419 521 Minervae

155 569 392 636 com-munibus·
410 569 514 648 agitur
537 569 568 629 in
585 566 655 630 Coo
676 557 769 630 titulo
794 568 907 631 mutilo
922 569 991 636 Pat.
1009 577 1054 632 nr.
1073 557 1122 649 34.
1152 569 1220 632 Iovi
1232 559 1419 649 vcognomen

158 669 327 759 quoddam
350 678 446 742 fuisse
468 680 618 741 videmus
636 674 698 741 ev,
713 695 752 756 4:
781 668 829 764 ἐῷ
849 702 884 744 τε
897 677 1023 766 Ad,qu
1040 729 1195 744 .......
1235 679 1418 767 Utrumque

160 812 280 853 numen
302 791 446 872 singulos
469 791 653 853 sacerdotes
675 780 829 852 habebat
842 794 882 871 (v.
898 793 962 872 45).
1006 791 1051 854 Et
1063 791 1149 854 Iovis
1172 792 1302 873 quidem
1317 811 1417 854 sacer-

156 892 271 964 dotem
293 921 312 963 e
335 893 454 963 familia
475 889 640 981 Pythoclis
662 899 761 963 creari
784 887 835 964 vu.
860 903 966 964 8-10
989 902 1087 964 iuberi
1111 891 1252 980 videtur;
1275 903 1317 965 de
1340 904 1417 965 eius-

158 1013 234 1074 dem
256 1011 396 1074 hominis
419 1011 490 1075 filiis
510 1013 715 1093 posterisque
738 1013 835 1074 etiam
858 1013 920 1074 alia
942 1013 1042 1076 verba
1062 1012 1151 1078 fiunt.
1189 1011 1279 1093 Quas
1293 1013 1346 1074 >ob
1367 1033 1417 1074 res

159 1123 292 1185 dubium
315 1144 381 1185 non
404 1133 453 1185 est
472 1124 553 1203 ‘quin
575 1124 627 1184 hic
651 1125 765 1185 eadem
780 1114 980 1188 Πυθίκλεια
996 1122 1060 1188 Διῒ
1074 1125 1201 1210 Σωτῆρι
1214 1124 1417 1186 instituenda

158 1243 344 1309 tractentur,
359 1221 360 1226 ἵ
373 1240 458 1316 quae
479 1216 643 1296 Artamitii
673 1236 791 1296 mensis
821 1236 872 1298 die
895 1236 936 1304 Χ,
959 1236 1112 1298 cele-brari
1135 1235 1251 1316 legitur
1273 1236 1305 1296 in
1329 1233 1417 1296 fastis

158 1366 256 1426 supra
287 1336 478 1408 collaudatis
508 1346 575 1408 Pat.
600 1367 645 1408 nr.
667 1364 718 1424 43,
749 1367 823 1408 cum
853 1349 1041 1428 praesertim
1069 1347 1278 1408 Artamitium
1308 1355 1419 1407 noster

158 1477 291 1538 quoque
313 1455 423 1518 titulus
445 1457 574 1538 saepius
596 1457 748 1520 exhibeat
771 1479 875 1538 neque
891 1467 997 1520 aetate
1013 1442 1170 1520 recentior
1185 1457 1226 1519 sit
1240 1476 1338 1536 quam
1355 1456 1416 1520 ille.

245 1567 460 1630 Phratriarum
482 1556 638 1649 patronos
661 1568 771 1630 Iovem
793 1568 1039 1648 Minervamque
1062 1567 1154 1630 nobis
1177 1569 1311 1648 praebet
1334 1568 1418 1650 lapis

160 1678 228 1741 Coe
263 1687 424 1760 repertus:
460 1669 560 1762 Λ]ιὸς
591 1676 765 1763 morbido]
800 1677 884 1761 (καὶ)
912 1676 1095 1756 Ἀθαναίας
1122 1672 1417 1765 Εὗρυανακῆιβᾶν

159 1790 240 1869 (Pat.
264 1811 321 1880 nr„
338 1778 414 1870 150:v
429 1791 565 1853 Dubois
581 1791 621 1852 de
637 1787 685 1852 Co
701 1791 759 1856 ins.
775 1810 806 1870 p.
826 1792 886 1871 58).
924 1791 1181 1871 Euryanactidae
1199 1789 1248 1872 (cs.
1266 1810 1297 1871 p.
1319 1808 1335 1869 3
1342 1804 1370 1870 5,
1387 1793 1416 1870 3)

158 1901 305 1981 primitus
334 1911 466 1982 gentem
495 1901 684 1983 significant.
735 1900 817 1963 Cum
852 1923 930 1964 vero
963 1903 1176 1983 phratriarum
1208 1901 1338 1966 numina
1373 1902 1416 1963 ita

158 2007 201 2074 ab
225 2013 271 2074 eis
293 2013 379 2075 culta
400 2000 588 2088 videamus
600 2013 789 2076 adducimur
811 2021 846 2073 ut
861 2021 1012 2093 putemus
1025 2013 1128 2094 ipsam
1146 2032 1216 2074 esse
1231 2012 1418 2093 phratriam,

160 2144 244 2205 quae
269 2125 344 2204 quia
367 2123 409 2185 illi
432 2124 605 2206 plurimum
628 2125 789 2198 valebant,
812 2144 930 2186 nomen
953 2123 994 2185 ab
1010 2125 1055 2186 eis
1070 2125 1202 2205 accepit.
1240 2123 1326 2186 Nam
1343 2125 1420 2186 item

161 2235 229 2298 sere
248 2235 389 2298 Athenis
409 2245 442 2297 et
464 2235 534 2298 sola
557 2257 640 2317 quae
662 2237 810 2298 novimus
833 2235 1045 2317 phratriarum
1068 2237 1198 2298 nomina
1218 2245 1293 2298 sunt
1311 2245 1417 2316 patro

159 2349 288 2428 nymica
308 2338 483 2427 Ἀχνιάδαι
517 2342 761 2431 Θεῤῥικ[ιάδ]αι
792 2356 824 2408 et
850 2347 997 2428 Juppiter
1020 2342 1182 2429 Φράτριος
1207 2367 1246 2408 ac
1268 2346 1415 2413 Minerva

159 2446 310 2542 Φρατρία
331 2459 452 2540 proprii
475 2458 689 2538 phratriarum
708 2458 842 2538 erant1).

243 2569 329 2631 Iovis
345 2578 377 2630 et
392 2569 557 2630 Minervae
572 2569 770 2640 societatem,
795 2569 947 2645 quoniam
964 2577 1077 2649 quater
1091 2576 1178 2629 certe
1192 2569 1414 2648 cognovimus,

159 2680 271 2759 quinto
288 2687 441 2740 'statuere
472 2679 684 2741 coniectando
714 2677 830 2742 licebit.
874 2678 976 2739 Recte
1005 2679 1152 2740 nimirum
1182 2679 1258 2741 mihi
1289 2681 1417 2744 videtur

111 2874 114 2882 Ἢ
158 2789 309 2851 Patonius
340 2790 370 2850 in
394 2788 465 2851 Coo
491 2789 584 2851 titulo
607 2788 804 2850 dedicatorio
828 2808 872 2850 nr.
900 2802 935 2866 55
960 2789 1160 2869 supplevisse
1181 2787 1245 2854 Art·
1258 2784 1415 2880 ἈλσειἹῳ

157 2899 216 2966 καὶ
231 2894 363 2984 Ἀθάνᾳ
376 2891 524 2987 Ἀλσείᾳ.
575 2900 629 2962 Ex
651 2900 699 2962 his
722 2900 791 2962 deis
814 2908 863 2961 est
886 2899 1062 2960 secundum
1084 2900 1249 2981 analogias
1272 2903 1415 2966 derivan-

158 3013 234 3075 dum
258 3013 376 3073 mensis
396 3008 515 3073 nomen
528 3001 689 3087 Ἅλσειος.

243 3123 316 3186 Hoc
349 3123 422 3186 loco
455 3123 643 3204 priusquam
678 3123 718 3184 de
747 3123 825 3184 Iove
856 3112 1037 3204 pergimus,
1072 3132 1195 3185 ceteras
1225 3143 1275 3184 res
1304 3144 1414 3188 sacras

158 3254 240 3315 quae
271 3234 310 3295 de
334 3234 478 3297 Minerva
501 3233 570 3296 Coa
592 3234 727 3296 traditae
750 3242 824 3296 sunt
846 3233 1085 3314 perlustremus.
1131 3233 1297 3314 Hesychio
1320 3236 1358 3317 (s.
1378 3244 1415 3302 v:

157 3335 241 3428 ἇγρ.)
270 3354 353 3407 teste
379 3347 420 3407 ad
443 3367 534 3408 sacra
556 3335 636 3407 deae
658 3346 799 3408 curanda
821 3364 938 3407 novem
962 3346 1133 3426 quotannis
1155 3345 1293 3426 virgines
1316 3346 1415 3428 elige-

159 3456 276 3518 bantur
298 3457 426 3518 nomine
448 3447 590 3541 ἇγρεται,
623 3457 710 3538 quod
733 3457 900 3536 quomodo
922 3466 1008 3518 recte
1030 3456 1217 3537 explicetur,
1234 3468 1314 3519 'non
1336 3456 1415 3520 mihi

157 3568 267 3649 liquet.
291 3559 505 3629 -Privatim
528 3568 673 3630 Minerva
695 3567 861 3630 colebatur
880 3587 899 3629 a
921 3566 1064 3646 collegiis
1087 3567 1289 3647 quibusdam,
1314 3588 1412 3650 vquae

157 3681 221 3741 duo
259 3679 288 3740 in
319 3676 395 3740 Cois
423 3678 520 3741 titulis
549 3679 748 3760 reperiuntur
779 3678 856 3760 (Pat.
887 3698 932 3740 nr.
966 3667 1035 3756 157,
1071 3679 1159 3758 158);
1193 3678 1309 3758 quibus
1337 3699 1413 3742 cum

157 3791 316 3870 principes
344 3790 412 3852 sine
441 3790 540 3870 patris
569 3790 698 3852 nomine
728 3790 879 3871 adscripti
907 3789 978 3862 sint,
1008 3787 1155 3851 homines
1177 3791 1337 3871 peregrini
1360 3790 1413 3852 vel

157 3901 238 3963 servi
269 3899 448 3963 interfuisse
477 3901 634 3967 videntur.
651 3935 698 3946 ›-
721 3901 853 3982 Lapidis
883 3899 1047 3977 inscriptio
1077 3901 1223 3964 exeuntis
1254 3901 1354 3983 quinti
1381 3921 1411 3966 a.

242 4175 265 4241 ¹)
284 4175 322 4226 Cf.
341 4176 448 4225 maxime
466 4177 653 4225 Buermannum
673 4176 796 4225 Fleckeis.
812 4177 899 4240 Jahrb.
919 4175 1008 4240 Suppl.
1028 4174 1246 4237 1X,·608-619;
1266 4173 1326 4252 646.Ἰ
1356 4175 1411 4226 Nec

155 4262 238 4310 minus
255 4262 281 4312 in
301 4261 367 4311 Chio
386 4261 467 4311 insula
486 4261 534 4311 fuir
552 4261 709 4324 Clytidarum
727 4261 847 4325 phronis,
868 4276 933 4325 quae
952 4271 977 4310 et
988 4260 1049 4326 ipsa
1065 4261 1153 4342 Iovem
1167 4260 1268 4310 colebat
1280 4259 1409 4325 (Ditteub.

155 4347 210 4409 syll.
228 4363 265 4396 nr.
284 4343 354 4412 360).
