3142 4986
682 252 892 324 ..4ss-

161 421 347 504 epulantem
385 422 418 482 in
454 419 618 501 Apollinis
649 441 753 491 sacro,
787 440 854 500 quo
886 420 964 498 quin
995 420 1193 500 Delphicum
1221 418 1418 501 §gnificctur

159 531 297 595 dubitari
325 532 447 613 nequit.
491 530 561 592 Nec
582 531 650 592 scio
671 551 713 592 an
734 532 1043 592 contaminationem
1064 533 1229 610 quandam
1250 530 1418 593 redoleant

159 642 257 705 etiam
279 661 320 704 aa
340 661 425 721 quae
447 643 535 722 apud
557 640 708 703 Strabon.
724 641 814 713 ml,
831 657 892 719 373
916 642 1009 719 ¹,lunae
1029 662 1095 703 non
1116 643 1182 703 iam
1196 641 1417 721 Aristotelica)

160 752 326 833 leguntur:
362 749 401 817 fa
423 753 481 836 aig
506 751 585 834 περὶ
614 748 673 817 τὸν
692 747 891 833 Παρνασσὸν
910 749 1065 833 Δωρίδος
1086 753 1241 834 Dryopes
1268 753 1313 815 ab
1339 751 1417 813 Her-

159 863 231 926 cule
253 865 374 927 eioctoe
395 884 477 929 osse.
520 863 593 925 Iure
615 864 700 924 enim
723 883 789 923 non
809 861 977 935 Parnasso,
1000 861 1180 925 sedOetae
1200 863 1417 925 montiDoris

159 974 351 1041 attribuitur.
392 974 496 1037 Unioe
524 994 603 1036 vero
624 973 817 1035 Parnassum
844 975 1027 1036 certaminis
1048 974 1157 1036 locum
1176 974 1318 1036 inditam
1338 973 1417 1035 Pau·

158 1087 264 1149 samaa
283 1085 344 1162 IV,
368 1102 419 1164 34,
446 1100 486 1146 10
506 1086 662 1165 (ipsomm
684 1084 859 1165 Dryopum
882 1086 1099 1146 mirationem
1120 1088 1262 1164 secutus)
1282 1085 1416 1147 etNon

159 1218 218 1262 ⁰1¹³
239 1198 378 1278 Dionys·
401 1211 451 1275 35,
475 1197 519 1275 89
539 1197 634 1275 ⁵4¹)-

243 1307 333 1372 Sicut
354 1308 426 1380 loci,
450 1309 494 1368 ita
516 1327 631 1368 causae
653 1308 836 1369 certaminis
856 1308 1003 1368 diversae
1021 1308 1199 1368 traduntur.
1236 1305 1308 1367 Aut
1329 1308 1415 1368 enim

157 1429 292 1502 propter
306 1417 613 1497 ‘l“l1iodamantem²,¹
636 1417 834 1480 contrahitur
855 1428 911 1479 aut
932 1427 1067 1498 propter
1087 1417 1242 1478 auxilium
1256 1417 1414 1498 Lapithis,

244 1657 268 1723 ι)
285 1659 336 1707 Hic
353 1659 473 1708 Deianira
491 1658 629 1708 Herculem
647 1667 804 1723 pugnantem
821 1659 940 1715 adiutam
960 1661 993 1708 cf.
1008 1659 1089 1708 schol.
1100 1659 1224 1722 Apollon.
1236 1658 1288 1708 Rh.
1301 1659 1324 1715 1,
1340 1671 1415 1711 1212.

242 1740 268 1808 ἵ)
285 1743 384 1792 Fabula
407 1744 489 1808 qualis
511 1744 581 1808 apud
599 1743 723 1807 Apollon.
741 1744 792 1792 Rh.
810 1745 832 1803 l,
855 1756 920 1806 1213
938 1759 1009 1808 sqq.;
1033 1744 1113 1792 schol
1132 1744 1166 1791 ad
1182 1743 1215 1801 l.;
1234 1744 1360 1792 Nonnum
1378 1745 1413 1793 ad

158 1829 265 1895 Gregor.
288 1829 340 1879 inv.
365 1828 387 1886 l,
409 1843 439 1889 4¹
467 1827 612 1891 (ll'esterm.
636 1829 715 1890 myth.
739 1829 785 1878 Gr.
808 1846 834 1893 p.
853 1841 904 1891 310
925 1829 976 1893 sq.)
1008 1826 1057 1887 (ct
1080 1829 1152 1877 Suid
1176 1845 1196 1877 s
1218 1847 1243 1878 v.
1264 1831 1413 1897 Boinoa„

157 1914 281 1980 Apollod.
304 1915 339 1973 11,
367 1925 392 1976 7,
416 1926 431 1975 7
458 1916 549 1963 eodem
577 1915 628 1964 fere
655 1914 734 1962 modo
757 1923 899 1970 enarratur,
925 1915 1006 1962 obiter
1029 1915 1204 1979 perstringitur
1224 1931 1241 1962 a
1262 1915 1413 1964 Callimaeh.

157 2002 244 2066 hymn.
267 2000 344 2050 Dian.
370 2000 414 2049 161
441 2009 466 2048 et
483 2000 577 2048 Ovidio
595 2002 634 2049 lb.
652 2001 712 2062 487,
741 2001 805 2049 haec
828 2011 879 2050 est:
912 2001 1036 2050 Hercules
1058 2017 1103 2066 per
1123 2002 1258 2065 Dryopem
1282 2001 1346 2050 fines
1368 2002 1414 2051 iter

156 2085 249 2135 faciens
275 2095 301 2134 et
324 2085 378 2150 ipse
403 2084 455 2148 (vel
479 2102 541 2150 puer
567 2087 669 2150 Hyllus)
695 2087 761 2134 fame
784 2096 888 2135 rexatus
910 2103 925 2134 a
948 2087 1138 2136 Thiodamante
1161 2088 1205 2150 qui
1227 2102 1317 2149 agrum
1340 2103 1413 2136 arans

156 2170 278 2230 occurrit,
296 2170 381 2220 cibum
399 2171 501 2235 petivit,
528 2172 571 2236 qui
590 2188 646 2221 cum
665 2173 725 2220 dare
743 2171 833 2230 nollet,
853 2171 896 2220 ille
915 2187 993 2220 unum
1010 2173 1106 2220 borum
1123 2188 1169 2236 per
1186 2173 1238 2219 vim
1258 2173 1321 2237 iugo
1338 2173 1414 2222 solvit

156 2266 343 2321 mactatumque
360 2256 393 2305 ad
411 2257 499 2321 epulas
516 2258 641 2307 adhibuit.
674 2258 738 2306 lude
750 2258 939 2306 Thiodamante
957 2265 1058 2306 auctore
1075 2257 1179 2304 Herculi
1196 2273 1255 2304 cum
1265 2259 1413 2323 Dryopibns

155 2343 250 2393 bellum
274 2351 356 2392 ortum
380 2350 424 2392 est.
444 2372 476 2379 -
496 2344 548 2392 lam
571 2343 660 2391 eadem
685 2342 737 2391 fere
759 2342 846 2391 fabula
867 2343 899 2391 de
923 2341 1034 2391 Hercule
1054 2359 1133 2406 prope
1152 2343 1264 2390 Lindum
1283 2343 1412 2392 Rhodiam

155 2430 241 2478 urbem
268 2428 336 2476 culto
361 2427 466 2476 traditur
489 2428 558 2492 apud
578 2428 677 2476 Conon.
696 2445 761 2476 narr.
781 2429 833 2486 Xl;
859 2428 984 2493 Apollod.
1003 2429 1037 2485 11,
1058 2439 1082 2491 5,
1106 2440 1151 2481 11;
1176 2429 1338 2477 lactantium
1355 2430 1412 2480 inst.

155 2515 206 2564 div.
216 2516 238 2573 1,
250 2514 457 2588 213⁴²hifostrat
472 2513 551 2577 imag.
564 2514 600 2568 11,
612 2527 659 2572 24,
680 2513 807 2562 Ammtan
817 2513 947 2570 Maroae,
962 2526 1000 2569 12,
1012 2527 1037 2573 4.
1069 2513 1115 2561 Est
1132 2523 1217 2562 autem
1235 2513 1410 2565 adnotandus

155 2616 185 2649 ex
209 2599 300 2648 horum
321 2608 452 2648 auctorum
472 2613 577 2646 numero
597 2606 646 2646 tres
664 2597 759 2661 priores
776 2613 828 2646 non
846 2598 894 2645 nisi
913 2599 946 2646 de
963 2598 1076 2662 agricola
1093 2599 1205 2662 quodam
1223 2599 1302 2646 verba
1319 2601 1409 2660 faeere,

155 2685 223 2735 unde
242 2685 378 2750 proiectius
395 2683 519 2732 conclusit
531 2683 678 2732 Knaackius
689 2682 789 2744 (Herm.
803 2683 903 2740 XXlll,
920 2683 979 2748 140)
994 2684 1071 2732 talem
1085 2700 1111 2732 re
1122 2700 1180 2731 vera
1194 2683 1268 2731 fnisse
1282 2686 1412 2749 propriam

155 2769 267 2820 fabulam
290 2769 418 2827 Lindiam,
445 2768 624 2817 Philostratum
647 2784 707 2816 vero
726 2768 790 2816 falso
811 2768 844 2815 ad
862 2768 933 2816 illum
952 2769 1089 2832 agricolam
1107 2785 1200 2817 nomen
1217 2770 1413 2819 Thiodamantis

155 2873 185 2906 ex
204 2871 234 2906 ea
252 2870 330 2920 quam
348 2869 423 2919 supra
441 2853 590 2902 adumbravi
608 2853 695 2901 fabula
712 2853 875 2902 transtulisse.
906 2855 942 2902 At
960 2853 1122 2903 confirmatur
1139 2854 1284 2903 Philostrati
1301 2857 1412 2905 narratio

156 2941 283 2991 Ammiani
314 2954 449 2997 consensu,
481 2948 509 2987 ut
536 2939 634 2987 monuit
660 2939 783 2988 Maassius
807 2937 947 3000 (Deutsche
969 2941 1065 3004 Lttztg.
1092 2939 1166 2997 1888,
1191 2957 1216 3004 p.
1237 2940 1323 3004 1640).
1367 2941 1414 2990 Cui

155 3028 240 3077 denuo
264 3026 296 3076 U.
315 3023 441 3075 Hoeferus
459 3022 535 3086 (Con.
554 3040 580 3089 p.
601 3023 661 3088 113)
685 3040 830 3088 repugnans
850 3023 943 3087 refugit
965 3025 998 3072 ad
1023 3025 1165 3074 fabularum
1190 3026 1321 3090 quoddam
1343 3043 1413 3076 com·

155 3111 284 3178 pendium,
304 3127 334 3160 ex
352 3125 404 3175 quo
423 3110 475 3159 duo
493 3110 529 3159 illi
547 3118 662 3159 auctores
681 3109 878 3158 contaminatam
896 3109 946 3158 iam
964 3110 1076 3160 fabulam
1095 3112 1182 3158 itidem
1194 3111 1330 3160 hauserint.
1362 3113 1414 3162 Sed

155 3199 195 3248 cui
221 3198 284 3247 haec
307 3196 394 3263 opinio
417 3195 526 3246 arridet?
554 3195 587 3244 Et
610 3211 654 3244 cur
677 3196 786 3252 tandem,
812 3210 916 3259 quaeso,
941 3196 1034 3249 Lindia
1056 3197 1159 3260 quidem
1184 3195 1270 3244 fabula
1288 3198 1413 3246 contami·

156 3293 216 3334 nata
239 3282 346 3332 habetur
366 3296 395 3331 ac
414 3297 466 3331 non
484 3281 539 3330 vice
558 3297 629 3331 versa
647 3281 793 3345 Dryopica?
825 3281 871 3330 Est
888 3281 954 3329 enim
974 3297 1061 3336 unum,
1083 3282 1153 3345 quod
1170 3281 1196 3328 in
1215 3281 1262 3329 hac
1280 3283 1411 3342 omissum,

156 3370 180 3418 in
206 3369 249 3418 illa
273 3369 364 3418 summi
387 3369 509 3418 momenti
533 3377 583 3418 est.
610 3367 767 3416 Thiodamas
791 3367 886 3416 scilieet
910 3369 976 3415 bove
994 3376 1081 3431 erepto
1099 3367 1124 3414 in
1143 3367 1280 3416 Herculem
1299 3369 1413 3418 convicia

155 3453 339 3520 maledIctaque
357 3455 471 3503 effundit.
507 3455 579 3503 Haec
596 3464 681 3503 autem
699 3469 737 3501 res
758 3453 902 3517 excogitata
920 3462 965 3512 est,
986 3461 1014 3501 ut
1026 3453 1164 3516 explicetur
1175 3467 1226 3515 qua
1238 3453 1300 3500 mira
1314 3453 1413 3502 ratione

156 3538 241 3589 Lindii
270 3539 362 3587 bovem
387 3539 490 3588 Herculi
516 3539 683 3590 sacrificantes
712 3538 895 3587 exsecrationes
921 3538 1066 3588 adhibeant.
1110 3538 1202 3586 Lindia
1228 3538 1304 3601 igitur
1326 3538 1414 3588 fabula

156 3641 213 3675 cum
237 3624 297 3690 ipsis
323 3625 439 3674 Herculis
462 3625 538 3674 sacris
563 3624 696 3673 arctissime
720 3624 847 3673 cohaeret.
883 3624 914 3672 ln
936 3624 1065 3688 Dryopica
1087 3637 1147 3670 vero
1170 3622 1213 3672 illa
1238 3623 1291 3686 ipsa
1314 3639 1353 3671 res
1375 3632 1414 3673 est

156 3711 238 3769 inissa,
267 3726 313 3760 nec
341 3709 405 3759 forte
430 3710 512 3768 missa,
539 3710 584 3758 sed
607 3717 675 3758 certo
701 3709 807 3758 consilio
831 3708 881 3757 alia
904 3725 939 3766 re,
965 3708 1017 3758 scil.
1036 3707 1104 3755 bello
1123 3716 1221 3771 parato,
1248 3709 1348 3773 expleta
1366 3719 1413 3759 est.

156 3798 226 3861 Ergo
252 3794 303 3845 fieri
327 3796 415 3859 nequit
440 3804 467 3845 ut
489 3796 601 3844 fabulam
624 3810 743 3859 sacraque
767 3795 799 3842 ab
821 3795 885 3843 Oeta
903 3793 1014 3841 Lindum
1033 3802 1175 3856 propagata
1195 3808 1247 3842 esse
1265 3801 1411 3844 statuamus.

157 3882 189 3932 121
209 3891 299 3946 sponte
319 3880 421 3930 alteram
443 3879 554 3928 fabulam
574 3880 654 3928 altero
673 3879 731 3928 loco
751 3895 804 3927 esse
824 3877 907 3927 fictam
928 3879 983 3941 quis
998 3886 1034 3926 est
1052 3878 1095 3940 qui
1114 3878 1214 3927 credat?
1235 3881 1322 3927 Restat
1334 3878 1413 3942 igitur

157 3967 218 4016 nihil
243 3967 310 4015 uliud
337 3966 383 4014 nisi
410 3976 436 4015 ut
462 3965 586 4015 el.india
610 3965 762 4029 deprompta
780 3965 811 4012 sit
829 3965 914 4013 altera.
953 3964 1030 4026 Quod
1049 3964 1128 4012 hoece
1145 3965 1223 4013 modo
1243 3965 1337 4013 factum
1356 3979 1412 4014 esse

156 4051 286 4102 coniecto:
321 4053 401 4101 llutos
426 4050 514 4114 Argivi
539 4067 596 4100 cum
621 4050 645 4097 in
668 4049 763 4098 Rhodo
787 4049 868 4098 insula
891 4048 1071 4105 consedissent,
1095 4065 1151 4097 eum
1179 4066 1254 4114 quem
1276 4051 1301 4098 in
1325 4049 1412 4098 fabula

157 4137 248 4185 Lindia
276 4135 446 4185 adversarium
469 4135 584 4183 Herculis
609 4144 706 4184 exstare
729 4135 850 4184 videbant
874 4135 1100 4196 Thiodamantem,
1129 4137 1259 4201 Dryopem
1283 4137 1411 4200 quendum

156 4237 208 4271 esse
233 4222 279 4271 sibi
303 4221 436 4272 finxerunt.
473 4221 569 4270 Contra
591 4222 726 4285 Dryopum
752 4221 818 4268 enim
842 4221 970 4269 nationem
994 4236 1045 4268 non
1069 4222 1147 4270 modo
1171 4222 1218 4286 ipsi
1240 4222 1266 4269 fn
1284 4222 1410 4286 Argolide

156 4323 255 4373 pugnas
279 4306 398 4368 fecerant,
424 4306 467 4356 sed
491 4307 565 4355 etiam
584 4306 720 4355 Herculem
743 4306 803 4354 olim
827 4306 861 4354 ad
879 4305 970 4354 Oetam
989 4306 1129 4356 conflixisse
1149 4307 1199 4355 suis
1216 4307 1308 4355 fabulis
1325 4322 1409 4355 narra-
