3142 4986
682 331 892 393 ..19..

157 486 366 550 confirmatur
397 483 548 546 Herodae
581 482 726 544 versibus
760 502 843 562 quos
877 502 974 564 supra
1003 482 1095 545 attuli
1125 484 1169 565 (p.
1197 487 1262 566 17);
1297 485 1414 548 diserte

156 599 242 662 enim
279 596 423 660 Coorum
460 592 603 656 fabulam
638 594 824 674 exprimunt
861 593 961 656 verba
995 593 1053 672 (II,
1086 597 1156 676 97):
1202 586 1416 680 χώσκληπὼς

156 711 222 786 κῶς
242 694 346 796 ἦλθεν
369 696 487 770 ἐνθάδ’
512 700 550 768 ἐκ
576 701 727 788 Τρίκκης.
773 704 820 767 At
850 704 953 786 qualis
981 703 1039 767 fuit
1060 704 1218 769 Thessala
1244 707 1304 769 ista
1326 707 1414 770 natio

158 839 242 899 quae
275 818 305 878 in
337 816 447 898 primis
477 814 674 895 Aesculapio
707 814 845 877 colendo
876 814 1017 878 studuit?
1053 814 1093 880 O.
1124 815 1299 881 Muellerus
1325 817 1414 880 Phle-

157 949 294 1011 gyarum
327 929 422 989 deum
457 923 553 986 luisse
587 945 661 987 eum
695 925 790 1002 dixit3
822 925 884 987 dici
916 935 1025 987 tamen
1054 935 1164 1006 potest
1197 929 1294 991 etiam
1320 929 1414 1011 Lapi-

157 1041 294 1111 tharum,
322 1037 376 1118 qui
398 1035 458 1097 illis
482 1035 623 1097 maxime
646 1044 736 1098 erant
753 1037 926 1118 propinqui
944 1035 1153 1116 (Orchomen.
1177 1059 1208 1120 p.
1237 1039 1297 1118 196
1318 1038 1413 1124 sqq).

158 1151 191 1212 A
221 1149 360 1230 Lapitha
390 1147 492 1224 enim,
523 1143 685 1227 Apollinis
714 1167 753 1208 ac
782 1145 901 1209 Stilbes
927 1145 1011 1224 filio,
1045 1148 1170 1210 ducitur
1198 1147 1415 1231 Aesculapius

157 1263 243 1342 apud
272 1258 477 1322 Eustathium
506 1258 547 1319 ad
576 1256 611 1318 ll.
638 1256 676 1330 ΙΙ,
701 1272 779 1336 732;
814 1256 929 1318 Tricca
962 1265 1070 1319 autem
1100 1257 1245 1334 heroina,
1281 1280 1364 1341 quae
1395 1282 1414 1324 a

158 1371 365 1434 celeberrima
402 1370 469 1431 eius
506 1367 711 1447 filiorumque
743 1368 819 1430 sede
854 1388 973 1430 nomen
1006 1368 1146 1449 accepit,
1185 1389 1205 1431 a
1237 1370 1343 1433 Peneo
1377 1393 1415 1435 ac

157 1483 370 1564 Lapitharum
403 1481 553 1562 principis
587 1479 712 1560 Hypsei
744 1479 887 1559 quadam
914 1478 979 1541 filia
1008 1488 1102 1541 natus
1131 1500 1202 1542 esse
1231 1482 1367 1545 traditur
1376 1483 1413 1565 ¹).

157 1595 272 1674 Itaque
301 1613 375 1655 cum
398 1591 588 1672 praesertim
608 1599 738 1652 exstent
759 1590 970 1672 Lapitharum
993 1589 1255 1653 Thessalicorum
1277 1594 1413 1675 vestigia

158 1707 184 1768 si
214 1705 319 1766 minus
350 1703 438 1784 apud
464 1701 552 1782 ipsos
576 1699 672 1773 Coos,
703 1701 846 1764 attamen
868 1711 901 1764 et
924 1703 954 1763 in
976 1701 1111 1782 Triopio
1133 1703 1357 1783 promontorio
1381 1712 1414 1765 et

158 1817 189 1877 in
211 1814 331 1876 Rhodo
357 1811 502 1893 insula2)‚
529 1811 622 1874 valde
645 1821 694 1874 est
716 1812 883 1893 probabile
906 1813 1003 1874 etiam
1027 1813 1058 1874 in
1081 1811 1152 1874 Con
1174 1813 1310 1876 insulam
1333 1814 1415 1878 illius

159 1935 285 2006 partem
308 1923 445 1985 nationis
467 1923 563 1984 deum
586 1942 678 1984 suum
701 1943 909 2004 propagasse.

246 2037 278 2114 2)
299 2033 349 2096 Ne
372 2033 523 2096 Aeacidis
551 2033 694 2112 quidem,
726 2034 934 2097 Achaeorum
960 2033 1221 2097 Thessalicorum
1252 2035 1413 2109 heroibus,

161 2144 226 2207 Cos
255 2144 356 2207 insula
386 2154 483 2211 caret.
534 2143 663 2207 Etenim
692 2144 806 2207 Peleus
834 2165 853 2206 a
884 2144 1016 2207 Molone
1046 2146 1188 2225 quodam
1211 2145 1343 2208 Abante
1372 2146 1415 2209 ibi

160 2265 317 2336 exceptus
348 2275 419 2318 esse
449 2233 487 2317 ac
516 2256 631 2318 deinde
662 2265 800 2317 mortem
823 2255 940 2318 obiisse
963 2255 1128 2336 dicitur³);
1159 2253 1304 2319 Achilles
1325 2277 1413 2332 ver0,

157 2496 262 2552 pugnat.
297 2483 403 2551 <Simile
428 2486 489 2551 quid
512 2484 681 2551 praesefert
700 2484 860 2533 Atheniensis
873 2475 991 2536 ’Ἀλκ-ων
1011 2483 1047 2549 (p.
1068 2484 1111 2549 28)
1130 2493 1205 2549 atque
1223 2501 1254 2534 ex
1273 2485 1413 2535 Cerealium

157 2574 262 2622 heroum
279 2589 394 2634 numero,
414 2580 442 2620 ut
452 2571 575 2620 Maassius
593 2586 634 2620 me
653 2570 759 2627 monuit,
782 2566 974 2640 Τριπτόλεμος
988 2566 1159 2636 Eleusinius.)
1187 2572 1223 2620 At
1242 2586 1295 2618 non
1313 2586 1414 2620 necesse

157 2669 193 2707 est
215 2658 267 2707 vim
290 2674 376 2707 eorum
401 2673 431 2706 ac
453 2667 569 2706 naturam
592 2655 705 2720 angustis
728 2655 851 2704 inclusam
873 2656 949 2704 fuisse
972 2656 1065 2704 finibus
1089 2673 1153 2721 quos
1174 2655 1279 2704 nomina
1303 2655 1414 2706 indicare

158 2742 283 2799 videntur,
309 2743 404 2807 quippe
422 2758 496 2807 quae,
522 2750 550 2790 ut
568 2750 765 2791 consentaneum
783 2750 828 2796 est,
857 2741 957 2805 saepius
977 2742 1108 2790 numinum
1127 2758 1203 2790 unam
1221 2742 1299 2790 modo
1318 2751 1414 2806 partem

159 2826 339 2890 exprimebant.
381 2827 466 2890 Quid?
491 2827 562 2891 quod
585 2826 639 2890 ipse
661 2826 827 2891 Aesculapius
852 2825 888 2875 eis
912 2825 955 2891 qui
978 2827 1097 2876 colebant
1119 2843 1134 2876 a
1156 2828 1277 2877 bellando
1302 2845 1355 2877 non
1379 2829 1413 2878 ita

159 2900 234 2975 plane
252 2911 387 2960 abhorrere
406 2912 544 2972 videbatur,
566 2927 622 2962 cum
640 2912 780 2977 splendidis
799 2912 922 2960 munitum
941 2912 1015 2961 armis
1026 2913 1124 2962 Dorum
1137 2921 1272 2978 patronum
1285 2929 1314 2962 ac
1327 2914 1413 2963 defen·

158 3011 239 3044 sorem
258 2996 379 3045 exstitisse
399 3011 456 3044 eum
474 3005 603 3046 narrarent
621 2995 702 3062 (Isylli
720 3013 798 3046 carm.
818 3013 843 3062 p.
862 3009 894 3059 23
914 2996 1037 3061 wilram).

244 3077 268 3145 ¹)
288 3081 326 3130 Cf.
352 3082 385 3131 Ο.
409 3081 524 3131 Mueller.
552 3083 672 3132 Orchom.
697 3099 722 3147 p.
744 3095 800 3144 199.
822 3109 856 3119 -
880 3081 930 3131 Hic
959 3090 1170 3131 commemoretur
1196 3083 1361 3148 Asclepiadas
1388 3083 1413 3132 in

157 3167 267 3216 ‘Nostis’
286 3167 438 3215 carminibus
455 3182 506 3215 una
524 3182 581 3215 cum
599 3167 714 3231 Lapithis
732 3168 776 3216 ire.
815 3167 847 3216 ci.
867 3167 1090 3216 Wilarnowitzium
1108 3167 1178 3231 Isyll.
1196 3184 1222 3232 p.
1241 3177 1282 3230 53.

244 3251 267 3316 ²¹)
287 3253 406 3317 Triopae.
427 3267 502 3317 quem
522 3252 608 3300 fabula
625 3260 650 3300 et
668 3251 761 3301 Cnidio
779 3252 957 3317 promontorio
975 3260 1001 3301 et
1018 3251 1165 3300 Thessaliae
1183 3253 1303 3311 adnectit,
1323 3253 1413 3303 eadem

157 3353 233 3402 quarn
263 3337 408 3402 Aesculapii
438 3337 490 3385 dixi
520 3336 671 3401 genealogia
700 3337 816 3385 tribuitur
843 3336 931 3400 (Diod.
955 3338 988 3395 V,
1009 3336 1060 3399 61).
1106 3337 1223 3386 Rhodius
1253 3354 1312 3386 vero
1339 3339 1414 3388 heros

156 3423 276 3481 Phorbas,
296 3439 372 3488 quem
390 3439 421 3471 ex
439 3421 573 3472 Thessalia
589 3422 615 3470 iu
630 3421 751 3471 Rhodum
769 3421 1041 3488 insulam‘pervenisse
1060 3423 1156 3480 dicunt,
1177 3431 1201 3471 et
1214 3423 1291 3488 ipsius
1303 3425 1414 3490 Triopae

157 3506 223 3556 filius
246 3508 402 3558 eThessala
426 3508 531 3556 muliere
553 3513 627 3556 natus
652 3505 762 3571 (Hygin.
783 3516 842 3556 astr.
862 3509 896 3567 ΙΙ,
920 3521 951 3569 14
969 3524 983 3556 e
1000 3507 1118 3569 Polyzelo
1136 3509 1255 3567 Rhodi03
1282 3509 1314 3558 cs.
1335 3511 1413 3559 Hom.

158 3591 244 3654 hymn.
262 3594 348 3658 Apoll.
367 3594 440 3658 Pyth.
459 3607 505 3657 33;
524 3592 687 3641 Baumeister.
706 3609 730 3657 p.
748 3591 807 3658 148)
823 3601 848 3642 et
866 3593 989 3658 Lapithae
1007 3593 1073 3642 tilius
1092 3602 1197 3643 vocatur
1215 3593 1305 3658 (Diod.
1326 3597 1359 3653 V,
1382 3595 1413 3659 58

158 3691 172 3723 e
190 3676 292 3726 Zenone
309 3680 422 3737 Rhodio,
443 3687 470 3728 ut
488 3678 596 3739 videtur,
617 3677 660 3742 qui
679 3693 694 3725 a
712 3677 830 3742 Polyzelo
850 3677 877 3726 in
896 3678 1048 3743 quibusdam
1066 3679 1141 3728 rebus
1160 3678 1287 3743 discedit).
1317 3681 1414 3729 Rursus

159 3760 267 3824 Triopas
279 3761 305 3809 in
317 3763 418 3814 Rhodia
433 3763 520 3813 fabula
537 3763 689 3812 Phorbantis
701 3761 767 3811 filius
780 3764 924 3829 appellatur
936 3762 1024 3826 (Diod.
1038 3763 1084 3821 IV,
1097 3764 1144 3829 58;
1165 3764 1197 3813 cs.
1212 3765 1291 3815 schol.
1305 3766 1413 3816 Theocr.

160 3845 246 3905 XVII,
268 3844 311 3910 69)
334 3856 359 3896 et
379 3849 413 3899 ita
436 3849 501 3898 redit
526 3851 551 3898 in
574 3848 727 3912 Argivorum
750 3856 861 3897 veterum
886 3865 975 3912 regum
997 3857 1128 3898 stemmate
1152 3847 1236 3913 (Paus.
1258 3851 1293 3910 11,
1317 3850 1356 3911 16,
1379 3849 1413 3916 1).

160 3931 235 3980 Eleus
253 3947 314 3981 vero
332 3932 445 3984 Phorbas
462 3935 574 4000 Lapitha
592 3935 626 3982 ad
644 3933 800 3984 Thessaliam
818 3936 922 3983 refertur
939 3934 1009 4000 apud
1027 3933 1105 3983 Diod.
1124 3934 1171 3995 Ν,
1186 3934 1227 3995 69.
1245 3960 1278 3970 -
1297 3936 1413 3984 Ceterum

158 4017 190 4065 de
214 4016 359 4066 Phorbante
381 4019 483 4068 Rhodio
510 4019 625 4069 conseras
647 4021 679 4068 A.
702 4019 842 4069 Beckerum
866 4019 899 4068 de
925 4019 1085 4069 Rhodiorum
1110 4019 1252 4083 primordiis
1274 4018 1413 4082 (commen-

158 4102 267 4151 tationes
281 4101 383 4166 Jenens.
401 4104 464 4167 phil.
485 4106 520 4164 ΙΙ,
540 4123 566 4171 p.
588 4117 634 4167 117
653 4104 726 4170 sqq.).

243 4183 267 4252 θ)
286 4187 372 4236 Schol.
395 4187 510 4253 Euripid.
535 4191 633 4240 Troad.
662 4190 742 4246 1128;
769 4190 918 4240 Callimach.
943 4189 968 4238 in
992 4189 1072 4239 schol.
1095 4189 1169 4239 Pind.
1195 4189 1268 4253 Pyth.
1290 4191 1342 4250 -ΙΙΙ,
1365 4191 1412 4254 167

156 4271 217 4338 (srg.
241 4283 291 4337 372
316 4271 462 4338 Schneid.);
487 4275 518 4324 cf.
543 4277 575 4325 O.
599 4276 715 4327 Mueller.
740 4275 793 4325 iud.
818 4276 898 4324 schol.
923 4275 976 4324 hib.
1000 4263 1072 4324 Gott.
1101 4274 1165 4338 1838
1185 4290 1212 4338 p.
1234 4286 1262 4338 5;
1290 4275 1414 4326 Wilamo·

156 4358 267 4407 witzium
287 4357 355 4422 Isyll.
374 4374 400 4422 p.
420 4369 460 4422 53.
1307 4363 1311 4371 '

1170 4442 1206 4492 2*
