3156 4972
666 266 876 332 ‚57-

225 421 476 486 Celeberrimum
498 422 566 484 eius
581 421 740 502 templum
754 422 786 484 in
800 422 955 485 suburbio
969 432 1038 485 erat
1052 420 1184 501 (Strabo
1199 423 1289 496 XIV,
1306 423 1345 502 65
1350 426 1394 503 7).

140 533 177 597 In
208 554 249 596 eo
280 535 484 614 potissimum
517 532 645 613 publica
675 532 910 614 qualiacunque
949 534 1080 596 decreta
1110 534 1280 616 propalam
1313 535 1395 597 loca

144 644 260 707 bantur
281 644 360 723 (Pat.
383 664 429 705 nr.
457 659 505 722 10,
530 660 578 721 13,
607 646 666 723 14).
709 643 877 706 Feriarum
898 645 982 707 duae
1004 645 1153 706 notiones
1175 647 1206 707 in
1228 646 1328 709 titulis
1341 667 1395 708 ex-

143 765 245 818 stant:
268 756 442 836 praecipuo
458 754 632 835 splendore
647 753 810 817 celebrata
824 749 865 819 τὰ
879 747 1247 839 μεγάλαᾎσκλαπίεια,
1270 757 1395 820 sollem-

143 868 195 930 nia
222 875 340 940 autem‚
371 875 407 927 ut
435 867 571 943 videtur,
603 860 645 929 τὰ
666 856 891 930 lio-ninnium
920 859 1073 950 γινόμενα
1101 860 1187 931 κατὰ
1216 861 1397 956 πανήγυριν

142 978 184 1057 (in
218 978 349 1039 decreto
379 975 707 1039 Halicarnassensium
741 978 783 1039 de
814 975 885 1039 Coo
915 979 984 1041 cive
1012 978 1142 1040 condito
1170 977 1237 1039 Pat.
1270 998 1314 1040 nr.
1341 995 1395 1057 133

143 1088 229 1150 Dub.
252 1108 283 1168 p.
312 1091 370 1168 12).
413 1087 560 1167 Utraque
589 1088 632 1150 ad
661 1087 790 1169 publice
812 1089 999 1169 quempiam
1021 1088 1246 1151 honorandum
1269 1088 1395 1151 adhibe-

142 1199 275 1273 bantur;
295 1199 326 1260 in
348 1199 474 1279 magnis
497 1219 575 1261 vero
598 1198 680 1260 ludis
702 1209 867 1261 certamen
887 1199 1044 1280 agebatur
1065 1199 1145 1280 (Pat.
1161 1220 1206 1260 nr.
1227 1200 1275 1279 14)
1300 1199 1396 1279 idque

144 1309 258 1373 saltem
294 1311 480 1390 gymnicum
518 1309 615 1389 (Dub.
639 1331 670 1390 p.
699 1327 753 1386 14:
784 1300 992 1375 Ἄσκλάπεια
1027 1301 1070 1374 roi
1106 1302 1233 1393 μεγάλα
1270 1309 1398 1388 παῖδας

139 1411 329 1502 Ἰσθμικοὺς
348 1420 546 1486 πένταθλον.

227 1533 389 1595 Adiuncta
417 1534 480 1594 deo
510 1541 579 1595 erat
608 1532 781 1612 Hygiea.
835 1533 1010 1595 Ambobus
1044 1531 1223 1595 sacrificare
1266 1528 1299 1596 oi
1342 1522 1396 1596 ἀεὶ

144 1639 403 1727 ἒπιμηνιεύονιες
424 1642 572 1704 iubentur
587 1643 618 1703 in
634 1640 705 1704 Coo
720 1642 823 1717 titulo,
848 1644 902 1722 qui
918 1653 1052 1724 propter
1068 1643 1244 1705 litterarum
1259 1641 1396 1705 formam

143 1752 229 1816 haud
258 1755 324 1815 scio
354 1774 394 1815 an
424 1754 519 1814 tertio
550 1753 600 1814 vel
622 1754 765 1815 secundo
788 1775 817 1821 a.
841 1752 915 1816 Chr.
938 1773 1020 1816 saec.
1045 1754 1232 1816 tribuendus
1254 1755 1295 1816 sit
1317 1754 1397 1834 (Pat.

143 1885 188 1928 nr.
214 1880 270 1943 35;
293 1865 379 1926 Dub.
402 1885 434 1946 p.
457 1866 522 1944 48).
566 1864 657 1928 Idem
679 1863 745 1926 sere
766 1866 852 1927 cadit
874 1865 906 1926 in
924 1864 1060 1926 alterum
1082 1865 1210 1927 titulum
1232 1866 1273 1926 de
1295 1885 1396 1927 sacer·

75 2002 94 2029 κ
143 1977 232 2038 dotio
262 1977 432 2041 vendendo
463 1976 627 2038 conditum
657 1975 735 2054 (Pat.
761 1996 806 2037 nr.
834 1978 903 2055 3o);
934 1976 965 2036 in
994 1993 1060 2054 quo
1088 1985 1175 2036 certe
1196 1976 1397 2038 continentur

144 2087 357 2168 Aesculapius
379 2087 589 2168 Hygieaque;
612 2076 794 2151 Ἠπιὸνα
815 2106 893 2148 vero
916 2105 993 2146 num
1015 2085 1096 2146 haec
1119 2105 1249 2165 quoque
1269 2087 1396 2166 penitus

142 2199 327 2262 consociata
349 2196 452 2269 fuerit,
476 2216 572 2276 quam
596 2197 726 2258 mutilus
749 2206 798 2258 est
822 2196 941 2269 titulus,
966 2195 1101 2256 discerni
1124 2196 1242 2274 nequit.
1280 2194 1339 2257 Cui
1362 2207 1396 2258 ut

142 2310 205 2372 hoc
235 2309 310 2371 loco
332 2307 449 2371 femina
471 2308 623 2369 sacerdos
645 2308 747 2382 datur,
772 2308 817 2368 sic
839 2307 902 2369 alio
925 2308 972 2368 vir
995 2315 1146 2387 apparet:
1177 2305 1243 2368 scil.
1267 2306 1396 2368 clarissi-

143 2441 216 2485 mus
251 2420 303 2484 ille
339 2420 482 2482 medicus
505 2417 592 2481 Cous
615 2418 815 2499 Xenophon,
854 2439 950 2500 quern
987 2413 1077 2498 ἱερέα
1114 2411 1186 2501 lq&
1219 2413 1310 2500 βιἹου
1332 2419 1397 2480 τῶν

144 2532 317 2613 §adorauit
345 2528 403 2594 καὶ
423 2521 632 2594 Ἀσκλαπιοῦ
659 2526 745 2613 [καὶ]
771 2521 884 2612 (Υγίας
912 2526 970 2592 καὶ
986 2521 1151 2612 Ἠπιόνης
1181 2527 1278 2590 fuisse
1300 2528 1396 2590 docet

142 2643 252 2704 titulus
282 2644 368 2723 apud
397 2643 464 2703 Pat.
488 2662 533 2702 nr.
559 2655 639 2720 3455
670 2641 756 2706 Dub.
779 2662 810 2722 p.
837 2655 874 2720 55
900 2659 949 2720 sq.
977 2660 1160 2722 expressus,
1206 2639 1331 2701 Tamen
1357 2660 1396 2702 ne

142 2752 215 2816 hinc
243 2755 373 2834 quidem
402 2762 488 2815 certe
518 2752 622 2815 elucet
652 2751 850 2833 Aesculapio
880 2752 1030 2832 Hygieae
1060 2771 1135 2815 cum
1157 2750 1282 2831 Epione
1309 2771 1396 2813 corn·

144 2867 252 2927 munia
272 2884 363 2926 sacra
386 2863 490 2925 fuisse.

228 2975 432 3036 Translatum
463 2983 512 3036 est
534 2995 651 3035 numen
675 2973 861 3054 Aesculapii
883 2974 913 3034 in
937 2971 1109 3034 Caesarem
1132 2973 1294 3052 quendam
1318 2971 1395 3052 (Par.

144 3108 189 3148 nr.
214 3104 264 3166 92,
293 3085 373 3168 130).

229 3197 344 3259 Altera
373 3197 466 3259 sedes
496 3196 546 3258 dei
568 3204 637 3259 erat
659 3195 811 3260 Isthmus,
856 3194 984 3257 Diserte
1006 3195 1089 3256 enim
1111 3202 1246 3255 vocatur
1259 3183 1397 3257 Ἀσκλα-

144 3302 224 3386 πιὸς
253 3303 287 3370 ἕν
308 3300 436 3392 Ἰσθμῷ
463 3308 493 3367 in
516 3307 650 3369 Isthmio
680 3306 736 3368 illo
759 3305 915 3367 fastorum
937 3304 1118 3385 fragmento
1140 3302 1218 3387 (Pat.
1242 3324 1287 3365 nr.
1310 3307 1395 3383 401).

144 3417 267 3480 Ibidem
298 3418 491 3500 praecipitur
519 3419 550 3480 in
580 3418 664 3480 diem
696 3418 856 3496 quendam
887 3414 1075 3481 sacrificium
1106 3413 1174 3489 soli,
1206 3423 1241 3476 ut
1262 3414 1394 3488 videtur,

145 3528 293 3611 Hygieae
322 3527 522 3593 offerendum
545 3530 598 3614 (τᾷ
619 3522 702 3614 αὐτᾷ
725 3519 846 3613 ἆμῙέρᾳ
866 3518 1008 3611 Ὑγιεῌᾳ
1026 3575 1156 3592 ......
1158 3528 1169 3605 )
1213 3524 1306 3588 Hanc
1330 3544 1396 3589 oua

145 3642 219 3702 nino
249 3643 345 3702 etiam
374 3638 488 3701 Isthmi
517 3639 636 3700 cultam
662 3659 733 3700 esse
763 3659 805 3702 ax
835 3639 891 3700 illo
916 3637 1011 3698 titulo
1039 3657 1103 3698 non
1133 3645 1220 3698 certe
1246 3633 1395 3706 efficitur;

146 3749 352 3812 confirmatur
382 3761 490 3816 autem
520 3750 717 3831 aliquantum
749 3759 875 3830 reperta
904 3748 944 3810 ibi
975 3748 1177 3829 inscriptione
1204 3746 1244 3807 de
1267 3766 1299 3809 re
1323 3765 1396 3827 qua·

146 3863 220 3924 dam
251 3880 349 3940 quam
379 3861 572 3926 monarchus
582 3860 607 3941 ¹)
634 3869 666 3923 et
689 3870 767 3928 octo.
787 3859 951 3940 hieropoei
974 3862 1029 3938 (ex
1051 3879 1113 3919 una
1134 3866 1245 3938 aperte
1268 3855 1397 3934 familia)

232 4133 255 4199 1)
274 4136 324 4185 Hic
342 4135 504 4198 magistratus
519 4135 633 4202 paullum
652 4133 769 4192 offendit,
789 4133 810 4182 si
823 4134 928 4198 quidem
939 4132 1026 4182 titulus
1038 4147 1097 4182 vere
1109 4130 1230 4181 Isthmius
1243 4130 1397 4194 agnoscitur.

146 4220 265 4271 Hicksius
286 4220 390 4285 (introd.
416 4237 442 4284 p.
461 4218 513 4289 33)-
529 4220 588 4272 inde
616 4219 766 4269 coniectavit
794 4219 891 4269 Isthmo
921 4219 996 4268 demo
1021 4218 1125 4269 fortasse
1148 4215 1286 4281 praefuisse
1310 4231 1398 4281 reapse
1458 4216 1462 4224 '

146 4306 318 4363 monarchum,
339 4304 427 4354 ceteris
445 4318 505 4354 vero
523 4304 696 4355 demarchum.
