3142 4986
681 301 889 381 -42'-

240 473 305 537 Sed
334 476 414 538 haec
445 475 607 538 hactenus.
653 475 900 538 Enucleavimus
929 477 1009 538 duas
1039 474 1241 556 potissimum
1267 475 1407 538 nationes

154 587 241 668 apud
263 605 345 666 quas
368 586 458 648 locus
481 585 539 648 fuit
562 585 722 666 Clymeno
747 585 1006 667 Clymenaeque:
1038 586 1167 668 Minyas
1192 595 1226 650 et
1247 587 1406 668 Dryopes

154 697 240 759 Inter
270 716 353 777 quos
376 696 480 778 qualis
502 698 584 760 ratio
607 696 701 759 suerit
723 707 758 759 ut
781 706 1006 778 cognoscatur,
1038 698 1102 760 iam
1126 706 1257 780 oportet
1279 699 1321 760 de
1342 706 1408 760 tota

154 807 286 872 historia
309 808 483 890 Dryopum
506 809 670 890 disputare
680 808 715 888 ¹).

742 1192 817 1265 Vll.

547 1401 629 1482 DE
661 1399 1015 1484 DRYOPIBUS.

246 1603 274 1680 1)
308 1601 480 1680 Dryopum
515 1600 608 1661 sedes
641 1620 723 1680 quae
757 1600 887 1680 quidem
924 1599 1016 1662 nobis
1050 1597 1234 1680 longissime
1268 1599 1310 1662 ad
1343 1621 1412 1683 sep-

154 1712 349 1775 tentrionem
385 1709 540 1772 Graeciae
574 1721 745 1792 promotae
778 1712 940 1785 videntur,
976 1711 1017 1773 ad
1049 1709 1191 1772 Peneum
1224 1709 1412 1775 Thessaliae

156 1821 288 1885 fluvium
312 1823 461 1884 conditae
484 1831 583 1895 erant,
606 1823 632 1883 si
654 1822 784 1902 quidem
799 1821 958 1883 credimus
972 1819 1150 1902 Pherecydi
1167 1822 1279 1901 (schol.
1300 1822 1412 1904 Apoll.

155 1932 262 1996 Rhod.
286 1931 309 2007 I,
338 1935 429 2013 1212)
453 1931 635 2014 Dryopem,
661 1933 765 2014 gentis
795 1942 970 2005 auctorem,
1002 1933 1096 1995 Penei
1127 1931 1227 1994 filium
1257 1932 1354 1997 fuisse
1379 1942 1413 1997 et

155 2045 348 2125 Polydorae,
383 2045 487 2106 Danai
521 2043 615 2110 filiae.
670 2044 718 2106 At
751 2043 937 2105 Antoninus
970 2043 1040 2105 Lib.
1076 2044 1107 2105 in
1140 2043 1204 2111 sab.
1233 2044 1361 2108 XXXII
1393 2067 1411 2109 e

156 2156 306 2219 Nicandri
321 2156 456 2222 Metam.
479 2157 594 2219 hausta
616 2164 720 2218 matre
735 2155 881 2236 Dryopis
901 2174 977 2216 usus
999 2155 1113 2216 eadem
1136 2165 1262 2235 patrem
1279 2155 1411 2220 adhibet

156 2266 364 2350 Spercheum,
397 2268 452 2347 qui
479 2267 674 2348 Pherecydis
705 2286 836 2348 quoque
866 2265 973 2328 verbis
1002 2286 1023 2327 a
1050 2266 1124 2327 viris
1155 2267 1257 2328 doctis
1287 2268 1409 2349 pridem

155 2380 342 2461 suppositus
373 2388 433 2443 est.
477 2378 521 2442 Et
550 2399 627 2441 sane
657 2388 731 2441 sunt
752 2379 925 2459 Dryopum
956 2379 998 2439 ad
1020 2375 1219 2457 Spercheum
1242 2379 1338 2442 sedes
1360 2379 1408 2443 ali·

157 2491 239 2553 unde
259 2498 346 2552 certe
369 2499 564 2570 compertae,
589 2490 630 2550 ad
645 2489 786 2551 Peneum
809 2509 873 2551 non
896 2490 991 2564 item;
1016 2498 1090 2550 sunt
1104 2489 1202 2569 ipsius
1217 2488 1405 2573 Pherecydis

156 2601 254 2663 verba
283 2608 358 2681 post
387 2599 440 2662 illa
468 2603 588 2680 posita:
625 2596 753 2664 οἰκοῦσι
786 2597 824 2663 δὲ
854 2597 913 2664 ἐπὶ
942 2601 988 2685 τῷ
1021 2602 1192 2686 Σπερχειῷ
1224 2601 1408 2688 ποταμῷῆ.

156 2709 221 2774 Sed
243 2712 323 2773 haec
346 2711 387 2773 ad
409 2713 605 2791 posteriores
629 2711 796 2790 magisque
820 2712 1006 2792 perspicuas
1030 2712 1123 2772 sedes
1146 2712 1291 2786 attinere,
1322 2713 1412 2776 iuxta

156 2841 232 2884 vero
268 2830 352 2883 stare
384 2832 493 2904 potest
527 2842 637 2884 earum
672 2841 754 2900 quae
783 2822 955 2884 remotiore
984 2831 1145 2885 vetustate
1174 2823 1309 2885 obrutae
1339 2832 1413 2886 sunt

156 2931 307 2996 fabularis
330 2935 494 2996 memoria.
534 2931 640 3014 Quid?
660 2933 795 3014 cogitari
817 2941 927 3014 potest
943 2933 973 2994 in
990 2934 1170 2995 narratione
1186 2933 1227 2995 ab
1243 2934 1412 2998 Antonino

155 3045 272 3108 tradita
295 3042 448 3124 Sperchei
471 3045 630 3106 notiorem
651 3045 682 3106 in
705 3043 765 3106 hac
789 3063 823 3106 re
845 3053 972 3125 partem
994 3044 1089 3106 Penei
1111 3045 1185 3107 loco
1208 3046 1413 3126 suppositam

156 3176 235 3218 esse.
274 3155 398 3237 Argiva
419 3175 496 3218 vero
520 3165 623 3218 mater
645 3175 709 3217 non
733 3156 836 3236 magis
858 3176 877 3218 a
900 3155 994 3219 Penei
1017 3175 1115 3238 quam
1131 3154 1284 3237 Sperchei
1306 3157 1413 3221 vicini-

155 3276 222 3332 tate
256 3267 425 3340 abhorret,
460 3267 613 3347 quoniam
642 3266 786 3328 Acrisius
818 3266 947 3347 quidem
981 3286 1084 3347 aeque
1118 3267 1191 3329 illuc
1219 3278 1317 3349 atque
1349 3270 1413 3334 huc

155 3378 336 3460 pertinet8).
375 3375 470 3458 Quae
492 3398 565 3441 cum
588 3379 632 3440 ita
653 3378 724 3452 sint,
749 3376 835 3442 haud
858 3378 925 3440 scio
947 3359 988 3440 an
1010 3378 1203 3459 Pherecydis
1218 3380 1413 3463 genealogia

155 3489 271 3552 rectius
292 3510 327 3552 se
349 3488 468 3552 habeat
490 3508 589 3569 quam
612 3488 777 3554 Antonini

240 3765 264 3830 ¹)
283 3766 366 3816 Etiam
384 3773 442 3832 post
458 3765 609 3815 Muellerum
626 3764 698 3827 (Dor.
717 3765 729 3813 I
747 3762 860 3830 passim),
883 3763 1024 3813 Soldanum
1045 3762 1148 3826 (Rhein.
1166 3763 1232 3814 Mus.
1251 3764 1287 3812 VI
1307 3763 1409 3829 (1839),

156 3871 181 3918 p.
199 3848 366 3916 421—444),
395 3851 544 3900 Bursianum
568 3847 679 3916 (quaestu
700 3850 845 3900 Euboeicae
869 3866 895 3915 p.
917 3847 1027 3913 19-30)
1052 3864 1105 3897 non
1129 3849 1281 3914 superfluum
1304 3849 1331 3898 id
1356 3851 1411 3899 lore

155 3938 267 3989 confido.

240 4020 263 4088 ¹)
283 4023 321 4072 Ex
339 4022 399 4090 ipsis
416 4022 500 4072 verbis
518 4038 583 4087 quae
600 4021 736 4070 laudantur
757 4029 861 4087 apparet
879 4020 1040 4070 scholiastam
1058 4018 1157 4084 integra
1169 4020 1318 4085 Pherecydis
1331 4023 1410 4072 verba

155 4109 302 4168 tradidisse3
325 4124 423 4158 summa
448 4107 571 4158 sententia
592 4107 642 4157 hoc
665 4107 724 4156 loco
743 4107 787 4171 (sc.
811 4107 837 4155 in
860 4105 971 4154 secundo
989 4103 1065 4169 libro)
1082 4105 1104 4154 ei
1122 4114 1175 4155 erat
1193 4104 1220 4154 in
1238 4105 1321 4154 Danai
1339 4105 1407 4165 filia;

155 4195 273 4260 Dryopes
291 4195 334 4244 ubi
354 4194 522 4247 habitaverint
541 4194 623 4244 obiter
640 4192 781 4258 attingitur.

239 4277 263 4346 ⁸)
281 4280 391 4330 Acrisius
408 4279 522 4328 Larissae
546 4279 653 4328 occurrit
680 4277 749 4344 apud
767 4277 841 4328 Paus.
860 4276 895 4333 11,
921 4275 960 4338 16,
980 4288 1010 4334 2;
1031 4277 1064 4326 ad
1083 4277 1269 4341 Thermopylas
1287 4277 1313 4327 in
1333 4279 1408 4328 Calli·

155 4366 237 4417 mach.
258 4366 338 4431 epigr.
359 4377 392 4430 39
413 4363 514 4429 (wil.);
535 4364 566 4415 cf.
586 4362 770 4419 Strabon.1X‚
790 4375 850 4422 420.
