3142 4986
577 284 789 346 ,45-

63 434 193 499 Ovidius
222 437 300 504 Met.
329 437 385 510 IX,
418 453 488 514 332,
514 439 619 518 357¹).
672 437 796 498 Tamen
828 457 868 498 ne
897 439 970 499 hinc
1001 438 1131 518 quidem
1160 438 1311 521 colligere

64 546 151 610 nobis
181 547 255 610 licet
277 547 438 627 Eurytum
465 549 596 609 omnino
625 549 798 628 Dryopum
829 549 994 629 proprium
1025 546 1129 623 fuisse,
1159 552 1310 631 quoniam

12 728 15 733 ,
65 658 175 720 eodem
197 656 263 721 sere
283 659 356 721 loco
380 659 476 720 etiam
491 658 680 739 Eurypylus
703 669 795 739 pater
809 659 962 739 Dryopes
985 657 1088 721 factus
1110 670 1159 722 est
1168 661 1203 742 ²).
1241 662 1311 724 Nec

66 769 277 831 Messeniacae
299 770 472 850 Dryopum
494 771 587 831 sedes
610 769 675 831 ullo
699 771 797 832 modo
821 770 993 851 explorari,
1017 770 1211 834 Ambraciae
1233 793 1311 834 vero

66 880 226 943 Melaneus
244 880 451 959 Eurytusque
474 881 535 942 alia
558 881 680 943 ratione
703 881 856 962 explicari
878 890 1022 962 possunt.
1064 881 1204 943 Primum
1226 884 1311 945 enim

65 991 213 1055 Euboeae
248 992 406 1073 quosdam
445 990 535 1053 locos
572 992 749 1053 maritimos
782 1012 801 1053 a
835 991 1023 1072 Dryopibus
1059 1013 1118 1073 per
1153 993 1310 1074 Euripum

18 1110 23 1115 '
66 1103 281 1183 navigantibus
312 1122 383 1164 esse
417 1111 594 1183 occupatos
629 1102 859 1183 comperimus:
899 1103 948 1164 cui
981 1123 1046 1165 non
1078 1104 1309 1184 persuadeatur

19 1202 38 1299 ἶ..
60 1210 148 1276 ilacile
180 1213 247 1274 fieri
281 1214 434 1294 potuisse,
468 1222 503 1274 ut
535 1213 680 1275 Eretriae
715 1233 845 1294 quoque
877 1214 908 1274 in
940 1212 1056 1276 finibus
1089 1234 1163 1295 pars
1198 1235 1310 1276 eorum

29 1324 220 1388 Zdomicilia
262 1334 403 1386 sumeret
447 1325 672 1405 acciperetque
715 1324 898 1386 Melaneum
936 1324 1096 1405 Eurytum
1140 1323 1310 1408 heroes⁸)?

67 1434 182 1499 Deinde
212 1435 402 1496 Euboenses
432 1444 499 1496 tam
530 1435 655 1496 Eretria
685 1455 783 1514 quam
804 1434 956 1497 Chalcide
986 1435 1149 1516 profectos
1176 1436 1309 1497 vetustis

66 1547 257 1628 temporibus
288 1547 318 1606 in
348 1544 435 1626 Epiri
467 1566 523 1606 ora
554 1547 737 1607 consedisse
768 1545 894 1608 fabulae
923 1545 1093 1631 docenth:
1132 1547 1230 1608 facilis
1260 1556 1310 1608 est

66 1658 240 1721 coniectura
260 1658 291 1717 in
314 1677 426 1718 eorum
448 1676 581 1717 numero
604 1657 757 1736 Dryopes
780 1655 885 1718 fuisse.

143 1767 209 1830 Sed
238 1769 301 1829 hoc
330 1767 416 1829 satis
461 1767 645 1830 Redeamus
673 1769 714 1828 ad
741 1769 866 1830 mediae
889 1767 1042 1830 Graeciae
1065 1769 1165 1832 locos.
1209 1769 1308 1830 Tene-

31 1892 36 1951 Ξ
64 1878 136 1945 bant
157 1880 242 1942 enim
264 1879 417 1958 Dryopes
438 1878 594 1939 Doridem
603 1879 629 1957 ὅ)
653 1898 783 1958 quoque
805 1888 919 1959 postea
942 1888 1091 1941 vocatam
1115 1888 1147 1940 et
1164 1879 1307 1940 Parnassi

38 1982 253 2087 tricinitatem
286 1989 503 2068 Phocicamss).
556 1988 641 2050 Hinc
669 2010 755 2063 vero,
784 1990 815 2050 ni
845 1988 947 2064 fallor,
978 1990 1074 2050 etiam
1103 1999 1190 2051 trans
1221 2010 1309 2052 mare

74 2186 77 2195 ¹
143 2196 165 2262 ¹)
185 2197 278 2246 Narrat
304 2195 371 2244 enim
398 2195 430 2242 de
458 2211 488 2243 ea
515 2194 626 2244 fabulam
654 2194 706 2244 iere
735 2195 841 2244 eandem
868 2210 945 2258 quam
970 2197 1067 2244 Anton.
1091 2195 1147 2244 Lib.
1171 2196 1196 2243 in
1223 2195 1309 2243 fabula

43 2270 170 2335 XXXII.
205 2280 349 2329 Nicandrea
367 2280 399 2328 de
419 2281 533 2343 Dryope,
553 2279 665 2344 Dryopis
683 2279 743 2337 filia,
763 2279 797 2328 ad
815 2280 907 2329 Oetam
925 2279 1057 2330 collocata.

17 2346 44 2429 ,¹-
142 2363 165 2432 2>
185 2366 273 2430 Steph.
292 2366 352 2428 Byz.
371 2380 390 2414 s.
409 2381 433 2413 v.
450 2359 580 2431 Δρυόπη·
600 2365 627 2414 οἱ
645 2367 711 2430 περὶ
728 2359 779 2426 τὴν
799 2366 881 2429 Οἴτην
893 2358 1022 2434 Δρύοπες
1040 2360 1097 2416 ἀπὸ
1111 2360 1243 2436 Δρυόπης
1260 2364 1308 2425 τῆς
1356 2355 1359 2360 ’

20 2444 219 2527 :mannan
239 2445 387 2518 θυγατρός.
423 2450 454 2499 cf.
472 2466 497 2513 p.
520 2463 561 2512 23,
582 2463 606 2509 4.

36 2568 47 2597 .·
142 2535 166 2605 ⁸)
185 2537 296 2587 Melanei
323 2544 394 2600 pater
416 2535 512 2598 Apollo
536 2550 566 2583 eo
591 2535 672 2599 magis
695 2535 848 2584 retinebatur
871 2535 1058 2600 aDryopibus,
1083 2536 1142 2601 quia
1163 2546 1188 2586 et
1211 2536 1258 2601 ipsi
1283 2536 1308 2583 iu

37 2610 143 2693 llfinis
169 2641 226 2674 eum
251 2623 369 2671 colebant
393 2620 437 2685 (cf.
457 2638 482 2685 p.
503 2619 554 2683 5).
580 2645 615 2655 -
639 2621 793 2670 Eretrienses
814 2637 853 2670 res
877 2621 992 2670 redolent
1015 2630 1110 2686 partes,
1139 2637 1202 2686 quas
1224 2621 1310 2670 Diana

23 2726 42 2753 ¹³.
54 2708 208 2765 'Ambraciae
226 2707 421 2772 cognominibus
437 2701 577 2776 Ἡγεμόνη
597 2716 622 2755 et
642 2701 788 2776 Ἀγροτέρα
807 2707 875 2755 culta
893 2714 961 2756 tenet
979 2708 1004 2756 in
1015 2707 1140 2757 Antonini
1158 2707 1309 2757 narratione.

50 2794 118 2849 ‘lion
143 2795 212 2844 enim
238 2793 390 2842 immiscetur
416 2792 517 2840 fabulae
541 2792 589 2841 nisi
611 2794 643 2841 de
666 2793 792 2842 Phalaeco
815 2799 932 2852 tyranno,
961 2793 995 2841 ita
1018 2800 1046 2842 ut
1069 2793 1101 2841 ad
1127 2809 1250 2842 summam
1275 2793 1310 2842 rei

139 2881 201 2930 sitae
228 2879 297 2927 haud
321 2878 355 2926 ita
378 2878 462 2926 valere
486 2879 608 2928 videatur.
651 2878 746 2940 Quales
768 2894 829 2926 vero
854 2887 937 2942 partes
962 2879 984 2927 ei
1008 2879 1066 2936 sint,
1092 2880 1155 2928 haec
1178 2880 1255 2928 verba
1272 2880 1309 2926 in·

60 2956 63 2961 ¹
133 2973 156 3017 t:
178 2958 304 3036 Ἄρτεμις
331 2963 360 3014 rt
388 2961 421 3014 τὸ
448 2962 502 3032 μὲν
528 2967 618 3021 νεῖκος
645 2966 784 3014 κατέπαυε
810 2961 843 3013 τὸ
871 2962 941 3032 πρὸς
966 2959 1016 3014 τὸν
1039 2958 1214 3016 Ἀπόλλωνα·
1238 2958 1307 3034 παρ’

55 3046 168 3107 &dnos
195 3050 226 3103 δὲ
252 3047 328 3112 ἠξίου
356 3043 406 3113 τὴν
428 3043 599 3118 Ἀμβρακίαν
623 3049 705 3115 ἔχειν,
746 3049 875 3097 Adiuncta
902 3059 940 3099 est
965 3050 1043 3114 igitur
1068 3059 1171 3115 propter
1197 3050 1309 3097 intimam

37 3137 204 3189 :societatem
221 3135 337 3201 Apollini
355 3133 464 3184 maxima
482 3136 659 3184 Eretrieusium
679 3137 727 3184 dea
745 3135 885 3199 Amarysia.

37 3212 40 3217 ¹
143 3219 168 3288 4)
187 3221 218 3272 cl.
237 3220 459 3270 Wilamowitzium
482 3220 569 3282 (Hom.
595 3221 653 3270 Unt.
674 3238 699 3285 p.
721 3232 765 3282 171
787 3221 835 3286 sq.)
856 3228 881 3268 et
905 3220 1039 3268 Maassium
1067 3219 1130 3282 (ind.
1154 3220 1232 3270 schol.
1259 3220 1310 3271 hib.

57 3308 156 3374 Gryph.
178 3308 242 3368 1889
261 3324 286 3371 p.
305 3306 340 3370 8).

144 3390 168 3458 ⁶)
186 3393 288 3442 Diserte
307 3390 414 3440 affirmat
431 3392 577 3439 Herodotus
590 3393 663 3451 Vlll,
678 3406 725 3454 433
749 3392 779 3441 cf.
794 3393 815 3450 1,
832 3394 872 3456 56.
908 3390 1011 3440 Doridis
1029 3391 1153 3456 oppidum
1172 3384 1308 3461 Δρυόπην

57 3478 167 3529 afferunt
183 3478 263 3527 schol.
281 3478 411 3541 Aristoph.
430 3478 492 3542 plut.
513 3477 575 3539 385;
597 3477 702 3525 Tzetzes
721 3477 754 3524 ad
767 3478 894 3542 Lycophr.
908 3477 966 3537 980.
994 3475 1172 3545 (Δρυοπαῖος
1184 3478 1311 3526 ethnicum

10 3596 12 3601 ·
57 3564 86 3615 in
108 3563 185 3614 titulis
208 3563 341 3628 Delphicis
365 3564 434 3628 apud
457 3562 650 3610 Wesch.-Fouc.
668 3578 705 3609 nr.
728 3563 783 3624 198,
804 3565 853 3626 362
872 3563 972 3627 legitur,
993 3564 1063 3626 quod
1082 3571 1164 3612 tamen
1184 3563 1259 3611 etiam
1277 3562 1310 3609 ad

58 3649 209 3715 Argolicum
227 3650 312 3698 locum
333 3649 368 3713 (p.
387 3662 430 3710 41,
452 3648 480 3712 4)
500 3648 622 3713 pertinere
642 3645 747 3712 potest.)

145 3733 169 3800 θ)
187 3736 260 3784 Paus.
279 3736 324 3794 lV,
345 3749 386 3797 34,
408 3747 423 3794 9
441 3743 465 3783 et
485 3734 507 3782 ei
526 3734 568 3797 qui
586 3733 650 3781 inira
669 3732 705 3797 (p.
726 3747 768 3795 49,
785 3733 811 3797 3)
831 3735 964 3782 afferentur
982 3744 1103 3783 auctores.
1122 3761 1153 3770 -··
1173 3735 1311 3781 Locrenses

58 3820 134 3873 tedes
157 3836 209 3870 non
231 3821 290 3868 satis
315 3829 381 3869 certe
404 3820 457 3868 erui
475 3829 580 3883 possunt
599 3836 628 3867 ex
647 3819 791 3883 Amphisso,
813 3821 929 3883 Dryopes
947 3837 977 3868 ex
996 3820 1115 3884 Apolline
1135 3819 1186 3866 filio
1205 3817 1312 3880 (Anton.

58 3906 138 3957 Liber
155 3904 209 3971 32).
243 3907 311 3954 Nam
329 3906 392 3954 sicut
411 3906 473 3954 haec
487 3906 582 3954 Oetaea
600 3914 645 3962 est,
666 3903 701 3952 ita
720 3914 744 3952 et
762 3905 815 3968 ipse
834 3905 865 3951 ad
881 3906 971 3953 Oetam
990 3913 1102 3952 montem
1121 3903 1206 3953 condit
1225 3903 1312 3950 urbem

59 3992 161 4043 omn
195 3991 266 4040 Nihil
290 3991 367 4054 igitur
388 3992 491 4040 subesse
515 3991 623 4047 videtur,
651 3990 697 4037 nisi
721 3990 790 4052 quod
810 3991 959 4054 Amphissae
983 3989 1072 4038 incolis
1090 4005 1169 4038 nexus
1187 3987 1247 4036 olim
1265 3987 1312 4035 ruit

10 4068 15 4121 {-
59 4092 120 4129 mm
137 4076 238 4127 Oetaeis
256 4076 409 4140 Dryopibus.
429 4104 464 4112 —
482 4077 541 4124 Non
561 4076 640 4136 magis
659 4084 725 4124 certa
743 4084 779 4123 est
799 4092 838 4123 res
856 4075 887 4122 de
900 4075 1020 4123 Boeotica
1032 4076 1145 4140 Dryope,
1166 4089 1230 4138 quae
1248 4073 1313 4122 inter

10 4154 12 4201 3
60 4162 188 4215 Cadmeos
204 4162 291 4211 habita
310 4171 346 4210 est
366 4161 549 4224 (<Phoenissa':
570 4162 633 4210 Stat.
646 4161 729 4210 Theb.
743 4162 778 4220 Il,
794 4161 858 4220 614;
880 4160 1005 4223 mythogr.
1019 4161 1098 4211 Vatic.
1114 4161 1131 4219 l,
1151 4159 1217 4224 164).
1246 4160 1312 4207 Nam

10 4246 13 4261 ¹
59 4247 204 4314 aiquid'em
222 4246 296 4295 solidi
315 4247 376 4310 quid
394 4247 486 4303 subest,
505 4262 557 4293 non
577 4246 658 4294 minus
672 4245 838 4294 Phocensium
857 4247 1007 4294 commercio
1025 4247 1083 4294 licet
1101 4247 1214 4294 tribuere.
1237 4261 1312 4308 quam

10 4392 14 4403 Ι
58 4332 195 4385 Bomricas
217 4333 350 4397 Dryopum
377 4332 449 4380 sedes
475 4341 590 4380 statuere.
614 4358 646 4365 —
671 4332 759 4394 Hylas,
788 4331 904 4380 Herculis
927 4331 1041 4391 deliciae,
1068 4348 1142 4395 quem
1166 4332 1254 4379 Boeoti
1279 4332 1312 4379 ad

10 4676 112 4947 t.
