3142 4986
687 267 896 345 -5g..

153 433 346 522 Ἀσκληπιῷ
366 435 424 502 καὶ
441 428 569 524 Ὑγιείᾳ
595 438 824 500 dedicaverunt
846 437 925 515 (Par.
944 457 990 498 nr.
1005 437 1081 516 406)
1091 437 1124 518 1).
1164 436 1292 499 Tertius
1307 435 1418 497 titulus

160 548 312 612 Isthmius
349 548 428 628 (Par.
459 569 503 610 nr.
534 549 613 623 408;
646 547 732 612 Dub.
763 569 796 629 p.
825 550 880 628 49)
916 524 1012 609 docet
1048 546 1247 628 Aesculapio
1284 548 1419 628 insignia

158 651 434 744 Προκαθηγιμών
456 668 488 720 et
511 654 628 743 Σωτήρ
636 659 662 739 2)
683 659 1000 739 cognominaindita
1022 679 1102 720 esse.
1233 653 1235 656 ⁴

245 770 487 844 Halasarnensis
510 779 619 833 exstat
640 772 759 846 titulus,
791 772 844 850 qui
867 770 1052 851 Aesculapii
1074 769 1234 849 templum
1253 769 1295 831 ad
1309 769 1418 850 publi-

161 903 234 946 cum
264 902 356 944 usum
385 882 571 948 dedicatum
594 881 720 966 indicat
736 881 841 961 (Ross.
864 881 950 943 Hell.
974 881 997 955 I,
1021 897 1079 960 93;
1103 880 1310 942 'desideratur
1331 881 1419 961 apud

160 993 355 1073 Patonium).

245 1103 282 1164 In
315 1107 453 1165 nummis
483 1102 559 1165 Cois
592 1103 737 1164 videmus
764 1101 956 1182 Aesculapii
991 1112 1090 1184 caput
1120 1103 1194 1165 inde
1227 1123 1247 1163 a
1276 1104 1419 1165 secundo

161 1212 227 1276 lere
256 1235 284 1276 a.
309 1213 383 1280 Chr.
407 1234 490 1285 saec.
514 1216 555 1293 (v.
579 1213 702 1275 Patonii
736 1234 943 1275 nummorum
966 1213 1089 1294 catal),
1120 1213 1285 1294 Hygieam
1315 1213 1420 1275 solam

156 1345 235 1387 cum
268 1334 417 1407 serpente
444 1345 541 1411 'sacro
575 1345 613 1386 ac
647 1333 758 1404 patera
793 1325 1023 1406 imperatorum
1056 1325 1279 1386 Romanorum
1313 1333 1421 1387 aetate

162 1435 319 1514 (Mionnet
339 1435 384 1497 ΙΙΙ
407 1456 438 1515 p.
462 1451 535 1511 404,
560 1435 620 1510 68;
646 1435 752 1516 suppl.
775 1435 823 1497 VI
846 1456 877 1516 p.
903 1437 986 1515 581).

164 1573 166 1576 >
247 1547 424 1608 Hominum
445 1545 587 1608 Coorum
611 1547 741 1608 nomina
763 1567 828 1608 non
850 1547 942 1628 plura
966 1548 1106 1626 quinque
1129 1546 1170 1607 ad
1186 1543 1420 1627 Aesculapium

161 1657 304 1720 attinent.

249 1878 411 1960 Apollo
449 1881 535 1959 apud
573 1877 661 1940 Coos
696 1899 760 1940 non
798 1899 879 1940 unus
902 1878 1054 1940 ualebat.
1113 1878 1232 1962 Delia)
1269 1881 1421 1941 sacerdos

162 1999 298 2072 apparet
319 1991 351 2051 in
374 1987 444 2051 Coo
466 1989 559 2050 titulo
583 2008 680 2069 quern
703 2009 803 2070 supra
823 1989 1052 2070 exscripsimus
1070 1990 1147 2071 (Pat.
1172 2011 1217 2056 nr.
1240 1993 1319 2071 125).
1363 1991 1420 2054 Ad

162 2101 320 2182 templum
343 2102 410 2163 eius
432 2095 584 2182 (Δάλιον)
607 2121 732 2180 pompa
747 2100 910 2162 Artamitii
932 2100 982 2161 die
998 2100 1073 2162 XV.
1096 2100 1240 2163 facienda
1263 2102 1422 2165 indicatur

162 2213 248 2294 apud
270 2213 337 2275 Pat.
361 2233 407 2274 nr.
430 2228 482 2290 43.
527 2211 675 2290 Uterque
698 2213 809 2274 titulus
830 2220 917 2273 certe
939 2213 1081 2273 secundo
1103 2232 1131 2274 a.
1149 2210 1223 2274 Chr.
1248 2234 1340 2277 saec.
1356 2235 1422 2278 non

162 2324 322 2405 antiquior
355 2324 447 2403 est4).
500 2322 614 2403 Neque
647 2323 744 2402 igitur
773 2322 846 2384 hinc
878 2322 992 2401 quibus
1020 2323 1219 2403 temporibus
1247 2325 1298 2386 dei
1328 2345 1422 2388 sacra

163 2434 229 2498 Coe
253 2436 396 2496 instituta
424 2434 487 2496 sint
515 2434 651 2514 perspici
682 2443 792 2514 potest
822 2453 926 2514 neque
950 2453 968 2494 e
991 2434 1261 2496 mensis‘nomine
1282 2431 1420 2515 Δόλιος,

162 2547 221 2610 etsi
243 2547 328 2608 idern
351 2546 447 2607 etiam
473 2544 581 2605 Rhodi
602 2554 635 2606 et
658 2542 839 2623 Calymnae
862 2545 1061 2625 reperiturn.
1099 2543 1250 2607 Ceterum
1274 2546 1421 2627 Apollini

248 2802 271 2869 1)
290 2803 475 2852 Adnotandum
504 2818 557 2849 esse
581 2801 680 2850 videtur
703 2802 778 2851 etiam
808 2801 927 2850 Isthmios
951 2803 1013 2851 istos
1036 2803 1123 2851 titulos
1148 2801 1196 2868 (nr.
1215 2817 1275 2864 401,
1294 2804 1367 2869 406),
1394 2806 1421 2854 in

163 2890 254 2955 quibus
276 2888 383 2937 occurrit
401 2887 513 2952 Hygiea‚
538 2887 645 2935 eandem
670 2886 720 2936 sere
744 2888 882 2936 litterarum
902 2887 1009 2936 sormam
1027 2889 1146 2953 praebere
1165 2904 1242 2953 quam
1261 2905 1326 2954 quos
1343 2907 1422 2956 supra

161 2975 233 3025 attuli
252 2975 320 3024 Coos
337 2974 383 3038 (nr.
402 2985 446 3035 30,
467 2973 517 3036 35).

246 3057 270 3124 ⁹)
290 3061 320 3108 In
338 3059 447 3107 nummis
464 3058 556 3122 legitur
570 3052 737 3122 Ἀσκληπιοῦ
754 3057 883 3129 Σωτῆρος
900 3057 1028 3122 (Mionnet
1046 3060 1086 3108 ΙΙΙ
1104 3076 1130 3124 p.
1148 3072 1208 3121 404,
1231 3072 1258 3121 71
1280 3059 1357 3126 sqq).

247 3142 270 3210 8)
290 3144 411 3193 Conferas
430 3143 476 3193 Coi
494 3143 625 3192 cuiusdam
644 3159 738 3191 nomen
758 3143 914 3205 Δαλιοκλῆς
932 3143 997 3207 (Pat.
1016 3160 1053 3193 nr.
1071 3157 1137 3207 344;
1158 3151 1207 3193 aet.
1228 3142 1324 3209 Rom).

247 3228 271 3295 4)
290 3231 321 3278 In
349 3230 481 3279 Deliorum
508 3229 702 3294 hieropoeorum
727 3229 827 3288 tabulis,
853 3244 918 3293 quae
940 3229 1042 3278 ineunte
1065 3230 1101 3279 ΙΙ.
1126 3245 1150 3278 a.
1176 3229 1234 3293 Chr.
1259 3245 1324 3280 saec.
1348 3246 1418 3280 com·

163 3316 260 3381 positae
277 3323 336 3363 sunt
353 3312 430 3378 (Bull.
449 3314 481 3363 de
500 3330 564 3364 corr.
579 3315 624 3372 VI,
640 3331 667 3380 p.
681 3313 697 3362 6
709 3312 790 3379 sqq.)‚
810 3315 908 3380 saepius
927 3314 974 3363 Coi
992 3325 1115 3380 apparent
1128 3324 1152 3364 et
1165 3315 1275 3364 theorias
1288 3316 1415 3367 mittentes

162 3408 187 3451 et
204 3401 274 3450 dona
291 3401 340 3449 deo
359 3400 512 3450 dedicantes.

248 3483 272 3551 ⁶)
290 3487 349 3534 Hoc
372 3486 430 3535 loco
452 3487 547 3535 mentio
571 3483 615 3534 fiat
636 3485 778 3534 fabularum
806 3501 871 3550 quae
894 3486 927 3534 de
944 3486 1012 3535 Anio
1032 3485 1150 3536 feruntur.
1187 3486 1335 3536 Rectissime
1352 3489 1420 3538 enim

162 3573 283 3622 Patonius
315 3569 352 3636 (p.
376 3569 440 3634 349)
470 3572 533 3620 haec
563 3570 672 3620 restituit
702 3570 729 3619 in
758 3571 955 3635 Ps·Hippocrat.
984 3587 1024 3636 ep.
1049 3573 1082 3620 26
1105 3568 1197 3635 (Littre
1222 3573 1272 3630 ΙΧ,
1296 3589 1322 3637 p.
1341 3573 1417 3638 4ο4);

165 3657 346 3723 (Athenienses
369 3657 424 3706 Con
449 3652 626 3716 subiecerunt>
645 3648 709 3708 οὕτε
728 3656 891 3723 ξυγγενείην
911 3654 1088 3715 αἰδεσθέντες
1105 3651 1123 3718 ἥ
1141 3656 1217 3708 ἔστιν
1235 3652 1344 3717 αὐτέοις
1361 3653 1418 3710 ἀπὸ

158 3737 332 3800 ’Λπόλλωνος
354 3759 382 3795 τε
401 3744 449 3794 καὶ
465 3737 571 3800 Ῥοιοῦς
590 3739 644 3806 (sic.
663 3741 721 3792 cod.
740 3744 781 3802 A„
802 3742 877 3791 ceteri
892 3736 1077 3813 Ἡρακλέους),
1103 3734 1161 3805 ἥτις
1179 3741 1207 3801 ἐς
1220 3735 1315 3796 ’Ἀνιον
1332 3741 1419 3807 (codd.

162 3827 275 3894 Αἴνιον)
293 3845 323 3881 τε
340 3831 388 3880 καὶ
400 3821 523 3880 Σούνιον
538 3824 603 3885 τοὺς
614 3832 714 3880 κείνων
727 3826 832 3886 παῖδας
844 3829 973 3889 ἱκνέεται,
993 3821 1059 3879 οὐθ’
1073 3821 1241 3898 Ἡρακλέους
1252 3823 1418 3915 εὐεργερίας.

163 3915 256 3964 Sunius
279 3930 336 3963 cum
361 3922 448 3979 aperte
472 3914 570 3963 Atticus
593 3915 668 3963 heros
687 3913 728 3974 sit,
750 3913 845 3962 Anium
864 3913 905 3962 hic
924 3913 1026 3977 quidem
1045 3913 1127 3962 Coum
1146 3913 1234 3963 haberi
1252 3929 1354 3964 necesse
1372 3923 1419 3965 est.

163 3999 262 4063 Quibus
283 3999 388 4048 omnino
414 3999 505 4048 fabulis
528 3999 609 4048 Anius
636 4008 660 4048 et
685 3998 752 4048 Delo
772 3999 884 4059 Mycono
909 3999 998 4047 Andro
1017 3999 1137 4048 Euboeae
1160 3999 1248 4050 insulis
1270 4007 1295 4048 et
1313 3998 1421 4052 Cnidiae

164 4084 339 4135 Chersonneso
364 4083 506 4134 vindicatus
530 4085 561 4134 sit
584 4085 720 4134 adnotavit
742 4084 880 4140 Patonius;
907 4100 953 4133 nec
978 4084 1113 4149 quicquam
1136 4093 1173 4135 est
1197 4085 1267 4149 quod
1291 4083 1342 4154 Cos
1364 4083 1420 4148 ipsa

162 4170 234 4219 illum
263 4186 277 4219 e
307 4170 398 4220 Cnidia
429 4171 530 4219 demum
562 4171 740 4220 Chersonneso
770 4170 902 4234 acceperit.
950 4169 1069 4219 Redeunt
1098 4187 1158 4220 vero
1185 4171 1233 4218 hae
1258 4169 1359 4219 fabulae
1385 4169 1419 4218 ad

101 4246 106 4257 '
163 4255 309 4320 Apollinem
327 4256 472 4320 Delumque
492 4256 536 4319 (cl.
556 4256 666 4305 maxime
685 4254 765 4305 Diod.
784 4255 816 4310 V,
838 4256 882 4310 62;
902 4255 982 4304 schol.
1000 4255 1129 4321 Lycophr.
1143 4254 1205 4320 570)
1224 4265 1249 4305 et
1267 4255 1348 4304 Anius
1367 4253 1419 4319 (vel

163 4339 260 4405 Anion)
284 4340 338 4407 ipse
360 4341 418 4390 Deli
442 4357 485 4390 rex
507 4351 611 4390 vocatur
630 4339 749 4404 (Dionys.
775 4339 836 4388 Hal.
860 4356 883 4390 a.
901 4339 934 4388 R.
952 4339 977 4399 Ἰ,
997 4351 1044 4403 593
1070 4341 1148 4390 Diod.
1172 4341 1202 4399 V,
1223 4337 1275 4404 79).
1311 4339 1418 4389 Talibus
