3142 4986
380 743 461 823 DE
493 741 783 823 CLYMENE
813 739 892 821 ET
924 740 1231 828 CLYMENO.

265 938 357 1020 Quae
385 940 490 1004 adhuc
519 963 537 1002 e
567 940 681 1004 fabulis
711 940 848 1003 assecuti
879 961 999 1014 sumus,
1032 941 1112 1006 haec
1142 952 1232 1005 sunt:
1267 944 1348 1006 inter
1377 965 1432 1006 eas

179 1052 323 1114 nationes
353 1073 436 1133 quae
466 1062 540 1114 ante
566 1053 672 1114 Dores
700 1051 874 1132 Argolicos
903 1051 934 1113 in
958 1050 1005 1114 Co
1035 1052 1137 1115 insula
1160 1056 1383 1129 consederunt,
1414 1075 1432 1116 e

179 1163 402 1245 Peloponneso
425 1164 623 1224 advenerunt
636 1163 797 1243 Meropes
822 1183 840 1223 e
855 1162 1023 1225 Thessalia
1038 1184 1115 1226 vero
1130 1164 1289 1245 Lapithae
1305 1165 1431 1228 Achaei

179 1274 319 1357 Minyae,
341 1274 457 1356 quibus
479 1294 550 1336 sese
574 1273 708 1335 fortasse
731 1275 942 1336 adiunxerant
963 1275 1099 1337 Euboici
1118 1274 1274 1341 Abantes.
1313 1275 1431 1338 Viden·

177 1396 229 1448 tur
258 1395 366 1448 autem
384 1385 439 1450 illi
466 1405 579 1446 omnes
609 1407 627 1446 e
655 1387 789 1446 vetustis
819 1385 948 1448 sedibus
975 1386 1058 1467 pulsi
1088 1361 1157 1448 esse
1187 1408 1206 1448 a
1231 1386 1430 1462 ‘Thessalis’,

177 1498 231 1577 qui
254 1517 362 1559 rursus
382 1497 441 1578 ipsi
463 1496 578 1558 deinde
602 1495 672 1558 Con
695 1507 942 1577 occupaverunt.

262 1609 369 1670 Doleo
400 1608 487 1689 quod
517 1628 555 1669 ea
584 1628 667 1687 quae
692 1611 835 1687 sequitur
864 1611 903 1670 de
928 1608 1085 1688 Clymene
1106 1609 1279 1689 disputatio
1303 1629 1367 1670 non
1390 1610 1431 1670 ad

176 1719 378 1802 probabilem
402 1717 500 1780 finem
519 1719 650 1799 perduci
673 1729 791 1799 potest.

263 1831 406 1911 Meropis
427 1828 486 1892 Coi
509 1850 645 1892 uxorem
669 1829 848 1909 Clymenen
872 1831 966 1893 fuisse
989 1831 1314 1893 commemoravimus
1323 1831 1364 1910 ¹);
1393 1850 1431 1891 ac

177 1963 212 2006 re
233 1963 310 2004 vera
332 1943 360 2003 ei
379 1943 465 2023 apud
486 1940 573 2004 Coos
596 1943 749 2004 eximium
774 1942 881 2004 locum
905 1943 1000 2004 fuisse
1022 1944 1054 2004 id
1077 1963 1207 2024 quoque
1234 1943 1430 2004 documento

176 2062 234 2127 est,
264 2053 352 2132 quod
383 2053 549 2114 hominum
580 2055 709 2115 nomina
739 2054 866 2134 saepius
896 2055 937 2116 ab
968 2073 1006 2115 ea
1036 2054 1137 2135 petita
1162 2053 1279 2133 suntss).
1325 2050 1428 2132 Atqui

176 2165 274 2228 etiam
296 2175 388 2226 extra
411 2164 546 2226 insulam
568 2165 743 2227 multorum
766 2166 912 2227 locorum
934 2166 965 2227 in
988 2164 1101 2227 fabulis
1120 2174 1257 2245 apparet
1272 2162 1430 2243 Clymene

175 2295 235 2338 nec
264 2276 368 2338 minus
390 2273 576 2356 Clymenus
607 2297 705 2356 quem
732 2292 841 2339 nostro
864 2278 930 2338 iure
957 2276 1130 2356 adiungere
1159 2277 1251 2338 nobis
1273 2275 1427 2349 videmur,

175 2388 266 2450 sicuti
289 2386 459 2468 Meropem
482 2386 648 2469 Meropen,
673 2386 815 2465 Clytium
840 2385 981 2468 Clytiam
1005 2389 1096 2450 iuxta
1117 2387 1334 2450 tractavimus.

264 2501 292 2579 1)
315 2498 367 2560 Ac
395 2498 534 2579 primum
565 2501 652 2579 apud
675 2498 803 2576 Minyas
833 2499 940 2560 locum
963 2520 1020 2562 eos
1042 2499 1181 2560 tenuisse
1203 2492 1290 2560 certe
1312 2497 1424 2560 elucet.

175 2610 306 2688 Minyae
336 2609 420 2670 enim
450 2608 555 2671 herois
584 2609 649 2670 filia
679 2609 860 2689 appellatur
881 2609 1037 2671 Thessala
1059 2607 1216 2689 Clymene
1236 2610 1324 2671 cuius
1346 2608 1429 2670 lilius

174 2719 324 2801 Iphiclus,
356 2739 458 2799 nepos
488 2741 506 2780 e
533 2718 598 2781 filia
620 2719 790 2781 Alcimede
820 2720 915 2782 Iason
944 2721 1036 2801 est³).
1081 2720 1234 2782 Eiusdem
1264 2741 1382 2782 nornen
1408 2741 1426 2782 a

175 2829 361 2895 Stesichoro
391 2831 502 2909 (schol.
534 2830 645 2912 Apoll.
672 2831 778 2893 Rhod.
802 2832 825 2906 I,
852 2834 925 2912 230)
950 2823 1189 2916 Ἐτεοκλυμένη,
1220 2833 1261 2894 ab
1292 2832 1426 2912 Hygino

175 2940 250 3022 (fab.
279 2944 328 3022 14)
350 2939 576 3026 Περικλυμένη
606 2943 754 3017 traditur,
787 2964 867 3024 quas
896 2965 960 3005 non
991 2945 1048 3005 nisi
1074 2945 1262 3025 integriores
1284 2944 1427 3005 eiusdem

174 3054 311 3115 nominis
341 3052 461 3116 formas
491 3074 562 3115 esse
584 3055 783 3134 perspicitur.
828 3053 909 3116 Sunt
932 3077 1010 3117 vero
1033 3058 1095 3118 iam
1119 3076 1240 3130 omnes
1272 3055 1297 3115 si
1320 3055 1374 3135 qui
1396 3054 1428 3114 in

175 3162 288 3226 sabulis
325 3164 543 3245 Periclymene
581 3166 630 3228 vel
668 3167 906 3246 Periclymenus
944 3179 1123 3244 occurrunt,
1160 3189 1264 3248 aequa
1302 3167 1423 3228 ratione

173 3276 340 3336 tractandi.
384 3276 495 3356 Atque
525 3279 566 3339 ab
597 3278 649 3339 illa
672 3279 726 3339 vix
749 3279 920 3360 quisquam
942 3290 1071 3361 separet
1093 3281 1268 3342 Pheraeam
1290 3277 1426 3356 Pericly·

175 3405 306 3459 menen,
350 3385 485 3449 Admeti
522 3409 539 3449 e
576 3389 711 3450 Pherete
758 3399 909 3466 matrem,
956 3391 1079 3453 etiarnsi
1125 3412 1189 3453 non
1234 3390 1308 3451 facit
1351 3407 1424 3449 cum

261 3589 283 3655 ¹)
302 3591 429 3640 Robertus
453 3589 553 3654 (Herm.
581 3593 681 3654 XVIII,
701 3594 763 3658 441)
790 3597 921 3646 contendit
945 3597 1083 3660 Clymenen
1110 3598 1210 3645 fabulae
1235 3594 1424 3643 Phaethonteae

173 3677 314 3726 immixtam
338 3676 380 3741 (cs.
401 3695 426 3741 p.
445 3676 472 3742 4)
500 3677 586 3727 deberi
613 3687 704 3743 poetae
730 3681 860 3731 cuiusdam
885 3682 985 3732 libidini
1012 3689 1037 3731 et
1058 3682 1159 3747 proprie
1181 3697 1234 3730 esse
1257 3679 1426 3729 ‘umbratilem

175 3763 369 3812 Oceanitidem’.
408 3761 503 3812 Contra
525 3764 610 3828 potius
632 3765 725 3813 factum
747 3782 801 3814 esse
826 3767 926 3817 videtur
947 3776 976 3817 ut
997 3783 1013 3815 a
1031 3767 1189 3832 theogonicis
1208 3774 1233 3815 et
1252 3764 1423 3830 genealogicis

175 3848 256 3911 poetis
277 3848 467 3897 desumerentur
485 3847 607 3912 personae
626 3851 750 3914 quaedam
769 3869 783 3900 e
802 3853 874 3901 certis
897 3853 960 3902 locis
983 3862 1103 3917 certoque
1127 3852 1267 3900 fabularum
1290 3868 1356 3900 nexu
1379 3849 1425 3899 etsi

173 3933 248 3980 uobis
266 3933 414 3997 plerumque
432 3950 484 3981 non
503 3933 553 3981 iam
571 3945 686 3985 accurate
704 3940 897 4001 cognoscendis.

259 4015 282 4082 ²)
302 4020 332 4067 In
354 4019 432 4067 titulis
451 4019 509 4067 Cois
531 4021 686 4084 reperiuntur
707 4024 839 4094 Κλυμένη
864 4034 901 4074 ter
920 4024 1021 4089 (Paton.
1042 4035 1066 4074 et
1084 4025 1173 4075 Hicks.
1192 4041 1230 4074 nr.
1251 4023 1322 4090 368),
1348 4015 1422 4073 Κλύ-

171 4119 255 4171 μενος
271 4105 348 4152 semel
369 4104 442 4168 (ibid.
463 4122 500 4154 nr.
518 4118 560 4170 45,
580 4105 619 4172 b).

259 4185 282 4252 ⁸)
301 4190 388 4254 Apoll.
406 4191 492 4240 Rhod.
511 4193 532 4248 1,
554 4206 617 4255 233;
638 4197 718 4245 schol.
737 4197 828 4260 Odyss.
849 4200 895 4258 XI,
919 4211 977 4262 325.
