3142 4986
312 788 394 869 DE
426 785 813 869 ASCLEPIADIS
844 785 924 867 ET
957 786 1252 870 AEACIDIS.

243 987 270 1069 1)
304 983 490 1064 Aesculapii
521 982 604 1048 filios
638 984 853 1048 Machaonem
888 994 921 1048 et
953 985 1146 1049 Podalirium
1180 985 1240 1048 Coi
1274 986 1319 1048 ita
1350 986 1410 1049 sibi

152 1099 375 1171 devinxerunt,
400 1105 435 1159 ut
457 1106 491 1158 et
513 1105 660 1158 auctores
683 1097 826 1177 ipsorum
836 1096 871 1176 Ι),
895 1117 914 1159 a
937 1096 1052 1178 quibus
1072 1097 1270 1159 medicorum
1285 1097 1410 1178 potissi-

154 1229 244 1272 mum
281 1207 425 1271 Coorum
460 1215 549 1268 totus
585 1206 672 1270 orbis
708 1209 824 1270 ductus
859 1208 900 1270 sit
908 1208 951 1288 ²),
989 1229 1046 1270 eos
1079 1228 1149 1275 esse
1184 1207 1344 1270 affirment
1377 1218 1411 1271 et

154 1329 292 1383 matrem
321 1317 507 1400 Epionenss)
534 1315 633 1380 filiam
666 1318 810 1400 Meropis
841 1319 859 1381 i.
883 1339 910 1381 e.
937 1317 1040 1380 Coam
1068 1318 1229 1399 iaciant4).
1275 1320 1327 1381 Ac
1353 1319 1411 1381 Po·

153 1431 301 1494 dalirium
330 1429 477 1511 primitus
500 1427 618 1491 Carum
649 1431 785 1492 nationis
814 1428 927 1505 fuisse,
956 1430 1030 1492 inde
1059 1431 1090 1492 in
1112 1430 1248 1492 vicinam
1272 1429 1343 1492 Con
1364 1431 1410 1493 in-

155 1543 259 1605 sulam
288 1549 506 1622 propagatum
535 1561 607 1602 esse
633 1541 783 1622 probavit
805 1541 1071 1604 Wilamowitzius
1095 1540 1195 1622 (lsyll.
1218 1561 1249 1622 p.
1276 1555 1316 1621 50
1338 1547 1411 1625 sq).

154 1653 246 1715 Idem
276 1651 353 1714 mihi
382 1653 542 1734 persuasit
563 1673 582 1714 a
605 1650 681 1714 Cois
703 1662 736 1714 et
758 1652 973 1715 Machaonem
995 1662 1028 1715 et
1049 1652 1243 1716 Podalirium
1266 1653 1297 1714 in
1319 1655 1413 1735 epica

155 1764 298 1827 carmina
329 1784 400 1826 esse
433 1763 647 1840 introductos;
678 1763 709 1824 in
739 1763 855 1843 quibus
888 1764 1041 1843 quoniam
1073 1762 1221 1825 Thessali
1255 1774 1413 1827 vocantur

156 1876 288 1950 heroes,
322 1895 430 1937 rursus
463 1874 719 1937 concludendum
749 1883 800 1935 est
829 1872 917 1936 Coos
945 1876 1033 1955 ipsos
1062 1895 1195 1937 suorum
1224 1873 1413 1959 Aesculapii

157 2007 322 2049 sacrorum
356 2007 373 2048 e
407 1985 575 2048 Thessalia
610 1986 767 2066 originem
804 1986 955 2066 petivisse
964 1987 999 2067 5).
1056 1985 1130 2049 Hoc
1168 2007 1251 2048 nunc
1288 1988 1413 2069 optime

242 2207 265 2275 ¹)
284 2211 388 2260 Aristid.
407 2217 470 2259 orat.
491 2210 517 2258 in
534 2211 636 2274 Asclep.
655 2218 717 2258 tom.
736 2210 748 2257 Ι
766 2227 793 2274 p.
813 2220 845 2271 74
864 2207 977 2274 (Dina).

243 2293 267 2361 Ι)
287 2296 327 2346 Cf.
349 2297 449 2345 Dubois
468 2297 501 2346 de
521 2297 558 2346 Co
576 2296 624 2346 ins.
642 2313 668 2360 p.
686 2307 719 2357 47
738 2311 794 2360 sqq.

242 2378 266 2445 8)
288 2381 327 2431 Cf.
351 2399 378 2446 p.
399 2392 440 2446 57.
481 2382 600 2430 Eiusdem
628 2380 788 2428 simulacmm
817 2378 941 2427 Pausania
968 2378 1003 2437 ΙΙ,
1026 2389 1067 2440 27,
1089 2390 1103 2443 5
1129 2387 1192 2428 teste
1218 2379 1334 2446 Epidauri
1356 2385 1408 2427 erat

156 2466 223 2516 intra
246 2483 344 2516 sacrum
363 2467 510 2530 Aesculapii
532 2467 628 2521 lucum;
655 2473 740 2514 tamen
764 2465 790 2513 in
813 2463 905 2512 fabulis
923 2463 1120 2528 Epidauriorum
1143 2465 1289 2530 hymnisque
1309 2463 1407 2529 potissi·

157 2567 227 2600 mum
245 2551 316 2615 Isylli
334 2567 417 2615 neque
435 2551 535 2614 Epione
553 2566 634 2615 neque
647 2549 792 2614 Aesculapii
810 2549 855 2597 filii
873 2549 977 2598 omnino
996 2557 1080 2614 partes
1098 2558 1193 2608 tenent,
1214 2549 1280 2600 unde
1296 2549 1410 2614 paullum

157 2635 311 2684 deterremur
327 2652 359 2684 ne
378 2642 494 2700 putemus
510 2634 639 2699 Epidauro
652 2634 770 2699 Epionen
788 2635 822 2683 ad
841 2634 909 2683 Coos
927 2634 1073 2684 translatam
1091 2651 1153 2684 esse.
1185 2636 1255 2684 Num
1272 2651 1330 2684 vero
1343 2643 1412 2684 recte

158 2719 259 2768 Widius
277 2717 321 2783 (de
340 2720 415 2769 sacris
433 2719 524 2768 Troez.
544 2736 571 2784 p.
588 2717 632 2784 57)
650 2719 764 2768 statuerit
781 2719 821 2768 vel
839 2720 864 2768 in
879 2720 1010 2769 Thessalia
1027 2719 1096 2768 illam
1115 2735 1172 2768 curn
1183 2720 1335 2785 Aesculapio
1351 2736 1413 2771 con-

157 2804 281 2854 sociatam
300 2804 374 2853 suisse
392 2805 484 2853 dubius
502 2821 567 2854 sum.

244 2888 268 2954 ⁴)
288 2891 373 2940 Schol.
392 2891 482 2949 11.1V,
499 2901 554 2954 195.
573 2917 607 2927 -
625 2892 656 2939 In
668 2891 776 2956 epistula
788 2892 1015 2956 Ps.·Hippocratea
1029 2889 1121 2951 (Littre
1134 2891 1181 2949 IX,
1196 2908 1223 2956 p.
1237 2889 1299 2954 324)
1314 2892 1416 2956 Epione

158 2976 276 3026 Herculis
294 2975 346 3024 filia
363 2983 477 3025 vocatur.

245 3058 268 3126 ὖ)
288 3061 375 3125 Vulgo
393 3061 524 3111 dominata
540 3069 578 3109 est
596 3061 684 3126 opinio
702 3062 880 3127 Aesculapium
901 3077 917 3109 a
929 3061 987 3110 Cois
1004 3070 1058 3110 tum
1076 3061 1179 3110 demum
1197 3062 1247 3112 coli
1264 3077 1319 3110 esse
1337 3078 1414 3127 coep-

158 3153 222 3203 tum,
250 3162 307 3194 cum
331 3146 461 3212 Epidauro
486 3146 571 3194 coloni
594 3162 625 3195 eo
647 3147 825 3211 pervenissent.
868 3147 996 3196 Adiuncta
1021 3155 1105 3196 tamen
1130 3156 1188 3196 sunt
1210 3146 1347 3210 Epidauria
1371 3147 1413 3194 dei

159 3246 229 3281 sacra
246 3232 404 3281 Thessalicis.
439 3234 480 3281 De
504 3247 570 3280 nexu
593 3232 637 3296 qui
656 3232 799 3296 Epidauriis
816 3249 873 3281 cum
893 3232 948 3281 Coo
966 3232 1119 3296 Aesculapio
1136 3231 1307 3280 intercedebat
1324 3229 1411 3278 videas

158 3315 232 3365 Paus.
250 3317 301 3374 ΙΙΙ,
322 3329 362 3380 23,
382 3317 412 3366 6:
437 3311 636 3384 (Ἐπιδαύριοι)
656 3318 787 3376 πλέοντες
806 3315 835 3376 ἐς
855 3319 921 3370 Κῶν
938 3312 1017 3385 παρὰ
1035 3312 1085 3369 τὸν
1104 3308 1266 3378 Ἀσκληπιὸν
1283 3309 1342 3364 ἀπὸ
1360 3322 1411 3366 τοῦ

159 3404 258 3452 κοινοῦ
275 3435 384 3450 .....
407 3395 546 3468 δράκοντα
570 3396 750 3472 ἐπαγόμενοι.
773 3430 808 3439 -
829 3403 933 3468 Optime
959 3401 1164 3453 Wilamowitzius
1183 3399 1201 3449 l.
1224 3399 1240 3447 l.
1259 3415 1284 3464 p.
1304 3409 1335 3462 54
1354 3415 1411 3464 sqq.

158 3486 274 3550 pluribus
298 3485 414 3550 exposuit
437 3496 462 3534 et
486 3485 714 3551 Peloponnesiacas
736 3504 838 3552 quoque
861 3488 903 3537 dei
921 3488 1000 3543 sedes.
1029 3489 1184 3552 Epidaurum
1201 3483 1362 3549 potissimum
1384 3500 1412 3534 ac

160 3571 322 3628 Messeniam,
342 3570 498 3619 eThessalia
515 3586 586 3620 sacra
603 3573 728 3637 accepisse
747 3583 772 3622 et
790 3590 854 3638 quos
873 3574 941 3622 haud
959 3573 1046 3638 paucis
1060 3569 1228 3638 Peloponnesi
1240 3570 1304 3620 locis
1319 3579 1415 3620 vocant

160 3656 226 3706 filios
243 3655 401 3716 Machaonis,
428 3656 470 3721 qui
494 3665 537 3706 aut
561 3658 706 3723 Aesculapii
728 3659 822 3724 templa
845 3660 1008 3722 inaugurasse
1032 3658 1148 3706 dicuntur
1171 3664 1214 3706 aut
1239 3655 1286 3721 ipsi
1308 3655 1415 3705 sanandi

159 3743 292 3793 numinum
310 3750 393 3808 partes
412 3757 440 3791 ac
458 3739 528 3790 sac'ra
545 3742 662 3801 retinent,
688 3744 790 3808 propria
810 3744 924 3809 primitus
943 3743 1188 3807 Peloponnesiorum
1207 3741 1314 3791 numina
1331 3741 1415 3791 tuisse.

160 3829 203 3878 Ad
222 3829 289 3877 hunc
311 3845 363 3878 rem
387 3827 481 3876 addere
504 3827 565 3875 mihi
590 3827 664 3877 liceat
686 3829 762 3878 etiam
786 3837 890 3894 propter
908 3828 1012 3877 nomina
1029 3828 1103 3876 facile
1120 3828 1164 3877 illa
1182 3828 1288 3892 adiungi
1305 3826 1417 3892 potuisse

160 3912 305 3973 Machaon,
330 3913 401 3962 cuius
423 3928 517 3962 nomen
541 3910 683 3976 significare
707 3930 764 3963 eum
783 3915 825 3979 qui
844 3921 941 3980 pugnat
958 3913 1036 3961 semel
1054 3913 1150 3960 dictum
1170 3913 1247 3962 fidem
1265 3913 1418 3976 adipiscetur

160 4083 279 4132 omnibus
298 4083 348 4131 sere
366 4084 471 4132 nomina
488 4099 553 4149 quae
572 4083 605 4132 ad
624 4099 737 4147 pugnam
755 4084 795 4132 vel
812 4099 882 4132 arma
899 4082 1018 4132 attinent:
1039 4076 1256 4152 Πολεμοκράτης
1275 4081 1360 4146 (Paua.
1380 4083 1415 4142 ΙΙ,

160 4167 202 4230 38,
222 4166 264 4233 6);
284 4161 433 4237 Ἀλεξάνωρ
452 4167 481 4231 (l.
499 4169 517 4218 l.
537 4177 562 4218 et
581 4168 616 4227 ΙΙ,
641 4181 680 4227 11,
701 4167 743 4233 5);
769 4162 933 4239 Νικόμαχος
952 4165 1037 4230 (Pana.
1058 4168 1103 4227 IV,
1123 4181 1149 4230 3,
1173 4181 1216 4223 10;
1238 4179 1281 4229 30,
1302 4166 1344 4230 3)3
1366 4165 1417 4213 f0r·

161 4260 227 4302 tasse
245 4253 320 4302 etiarn
337 4255 454 4324 Σφῦρος
468 4253 553 4317 (Paus.
566 4255 601 4316 ΙΙ,
617 4267 658 4316 23,
672 4252 711 4318 4),
731 4269 840 4319 quocum
859 4252 972 4302 conseras
983 4247 1177 4323 Σφυρόμαχος
1196 4254 1212 4303 i.
1228 4269 1250 4302 e.
1263 4251 1307 4316 qui
1324 4249 1417 4298 malleo
