3156 4972
709 639 866 769 uun.

247 872 350 937 Natus
373 892 444 933 sum
471 871 674 933 Hermannus
696 870 830 933 Dibbelt
854 870 1132 952 Gryphiswaldiae
1155 892 1185 941 a.
1207 868 1410 947 dIVKal

162 982 239 1044 Dec.
274 983 347 1043 anni
382 982 412 1045 h.
447 1003 471 1044 s.
503 981 628 1042 LXVII
660 991 751 1062 patre
781 981 937 1055 Henric0,
969 981 1411 1060 matre·-Aemtlia-1e··gente

161 1092 306 1167 Krueck,
336 1113 419 1172 quos
449 1093 553 1154 adhuc
582 1095 769 1173 superstites
798 1094 904 1154 valere
933 1113 976 1154 ex
1005 1094 1112 1155 animo
1141 1093 1251 1155 laetor.
1273 1091 1411 1152 ¹'Fidem

160 1203 317 1282 profiteor
340 1190 808 1285 evangelicam„“Litterarum
832 1204 997 1266 elementis
1020 1204 1050 1265 in
1074 1203 1184 1266 schola
1203 1188 1331 1284 publica¹
1354 1188 1412 1281 im-

161 1315 258 1376 butus
289 1315 370 1376 inter
399 1313 814 1396 discipulos.1Gr.yphiensis
845 1316 1003 1396 gymnasii
1027 1323 1174 1395 receptus
1203 1334 1290 1388 sum,
1322 1315 1411 1393 quod

162 1427 343 1487 etiamnunc
376 1424 598 1487 Steinhauseni
634 1424 728 1487 floret
757 1427 913 1506 auspiciis.
968 1427 1161 1488 Maturitatis
1192 1424 1411 1488 testimonium

162 1539 299 1617 adeptus
329 1558 404 1598 vere
434 1558 461 1599 a.
482 1518 659 1598 'LXXXVI
682 1529 793 1599 studiis
816 1536 1018 1618 philologieis
1044 1547 1076 1599 et
1097 1536 1254 1599 historicis
1275 1531 1411 1623 operam

162 1668 289 1708 navare.
303 1649 395 1728 coepi
421 1650 450 1709 in
467 1647 667 1728 Gryphiensi
683 1648 859 1709 litterarum
875 1649 1088 1722 universitate,
1113 1649 1196 1709 unde
1219 1646 1324 1708 adhuc
1346 1665 1411 1709 non

165 1760 287 1820 decessi
311 1759 367 1820 nisi
391 1779 458 1839 per
462 1779 521 1820 sex
537 1778 680 1832 menses
698 1780 770 1820 curn
787 1759 929 1821 Berolini
939 1759 1190 1839 archaeologicis
1206 1757 1411 1839 potissimum

159 1881 191 1932 et
214 1869 371 1932 historicis
391 1871 518 1932 deditus
540 1891 628 1932 eram
652 1870 755 1936 rebus
801 1871 988 1932 Docuerunt
1010 1880 1118 1932 autem
1142 1889 1194 1930 me
1203 1869 1273 1963 viri
1296 1867 1410 1930 doctis·

160 1983 248 2042 simi:
281 1981 413 2042 Raumst
401 1981 513 2060 tark†,
545 1981 731 2055 Bernheim
761 1981 939 2060 Kiessling,
970 1981 1129 2054 Kochler,
1154 1948 1278 2054 Maass,
1290 1954 1407 2052 Marx,

162 2093 309 2167 Preuner,
333 2091 491 2166 Rehmke‚
509 2091 564 2156 Al
580 2091 819 2166 Reifferscheid,
843 2091 976 2166 Robert,
1000 2091 1161 2172 Schuppe,
1185 2090 1299 2164 Seeck,
1316 2089 1408 2152 Suse-

161 2203 254 2277 mihl,
285 2203 325 2264 de
349 2203 555 2280 Treitschhe,
586 2203 736 2265 Ulmann.
781 2204 836 2264 Ad
866 2204 1112 2266 exercitationes
1138 2214 1189 2264 me
1212 2201 1408 2264 admiserunt

163 2314 423 2394 archaeologicas
452 2314 590 2376 Preuner
619 2315 760 2389 Robert,
789 2314 1012 2388 Aristotelicas
1036 2312 1211 2388 Susemihl,
1241 2290 1409 2390 historicas

163 2425 321 2498 Kochler,
365 2424 605 2506 philosophicas
638 2424 800 2506 Schuppe
856 2425 902 2488 Ut
934 2425 1093 2488 seminarii
1132 2424 1316 2505 philologici
1350 2443 1409 2505 per

162 2546 314 2614 quattuor
336 2537 501 2597 semestria
522 2555 626 2597 essem
643 2536 761 2597 sodalis
785 2537 969 2609 ordinarius
993 2557 1051 2617 per
1067 2556 1164 2598 unum
1181 2535 1285 2596 senior
1300 2534 1407 2596 Kiess·

161 2644 256 2737 lingii
271 2642 399 2706 Maassii
424 2647 539 2735 Maricii
563 2646 681 2732 factum
705 2638 754 2731 es't
776 2646 987 2728 benignitate;
1012 2657 1044 2707 et
1066 2647 1216 2708 historico
1235 2624 1406 2728 seminarib

161 2760 313 2829 interesse
335 2777 392 2836 per
414 2759 478 2818 duo
501 2759 666 2818 semestria
688 2744 844 2818 benevole
867 2758 943 2818 mihi
964 2757 1143 2818 Ulmannus
1167 2757 1319 2837 permisit.
1438 2736 1443 2745 ⁸

247 2868 405 2930 Omnibus
434 2867 482 2929 his
511 2869 585 2929 viris
615 2870 737 2950 optime
768 2870 808 2930 de
839 2890 890 2930 me
922 2869 1040 2930 meritis
1069 2870 1187 2949 gratias
1218 2869 1272 2948 pio
1298 2868 1405 2929 animo

161 2981 265 3041 habeo
303 2990 335 3041 et
368 2980 495 3041 habebo
532 3001 629 3059 quam
663 2981 805 3055 intimas,
841 2980 982 3060 inprimis
1014 2979 1208 3058 Kiesslingio
1241 2976 1405 3040 Ulmanno

161 3091 365 3170 maximeque
388 3091 543 3165 Maassi0‚
576 3093 627 3172 qui
656 3093 737 3153 sicut
767 3093 868 3173 prima
900 3092 1010 3152 tironis
1033 3092 1063 3152 in
1087 3090 1264 3152 studiorum
1287 3109 1405 3170 campo

160 3203 294 3283 vestigia
317 3203 413 3276 rexit,
446 3204 489 3264 ita
512 3205 541 3264 in
564 3204 625 3266 hac
648 3203 869 3265 dissertatione
892 3194 1122 3265 conscribenda
1143 3221 1305 3280 nunquam
1328 3200 1404 3262 mihi

160 3313 260 3375 defuit
282 3313 424 3375 consilio.

244 3426 312 3487 Nec
344 3446 407 3486 non
429 3427 548 3505 gratias
576 3426 639 3487 hoc
662 3427 734 3487 loco
765 3447 861 3506 agere
882 3427 974 3487 decet
997 3425 1069 3486 viris
1091 3425 1194 3485 doctis
1217 3423 1404 3485 Britannicis

160 3537 212 3599 W.
230 3537 270 3600 R.
285 3537 393 3597 Paton'
404 3546 435 3598 et
452 3537 490 3603 E,
507 3537 544 3599 L.
562 3537 671 3611 Hicks,
695 3548 828 3618 propter
844 3557 980 3616 quorum
997 3536 1225 3615 benignitatem
1242 3533 1323 3596 libro
1339 3554 1404 3614 quo

160 3648 338 3709 inscribitur
369 3647 582 3727 ‘inscriptions
612 3647 650 3708 of
669 3647 745 3709 Cos'
778 3648 873 3710 etiam
904 3648 977 3709 iuris
1006 3646 1123 3727 publici
1152 3648 1294 3708 nondum
1318 3645 1403 3708 sacto

159 3759 203 3821 uti
226 3759 301 3820 mihi
325 3758 421 3823 licuit.
