3142 4986
675 266 885 312 ..10-

151 418 223 480 dico
254 428 286 480 et
316 417 481 498 Troadi1).
521 416 606 498 Quid
637 420 677 481 de
701 417 749 482 Co
772 419 894 482 insula?
933 421 1018 483 Nihil
1041 421 1154 495 adhuc,
1186 423 1274 502 quod
1296 423 1405 498 sciam,

152 529 391 591 necessitudinis
421 550 504 612 quae
534 551 607 592 cum
632 529 773 593 Arcadia
796 532 872 593 olim
896 531 998 607 fuerit,
1030 531 1232 603 enucleatum
1256 543 1313 597 est.
1359 537 1407 598 At

151 640 260 702 videas
283 661 333 702 res
357 661 436 721 quas
459 641 609 722 deinceps
632 640 774 707 afferam.

241 753 268 832 1)
293 749 375 814 Sunt
397 752 551 833 Meleagri
575 751 769 815 Gadarensis
795 754 827 814 hi
849 774 960 815 versus
982 755 1080 816 dese
1104 754 1173 834 ipso
1197 755 1305 836 scripti
1328 755 1405 836 (An-

150 861 230 927 thol.
250 861 349 926 Palat.
372 861 444 938 VII,
468 864 561 942 418):

304 971 353 1050 εἰς
382 975 481 1058 γῆρας
511 965 541 1038 d'
574 965 622 1039 ὅτ’
657 969 743 1060 ἔβην,
776 966 795 1061 ἡ
824 973 896 1039 καὶ
925 973 1010 1039 Δία
1036 975 1294 1058 θρεψαμένα
1316 980 1407 1056 Κῶς

303 1078 388 1166 κάμὲ
409 1080 508 1151 θετὸν
529 1082 701 1168 Μερόπων
723 1079 822 1150 ἀστὸν
845 1079 1067 1173 ἕνηροτρόφει.

151 1190 247 1259 Unde
276 1217 403 1260 sumere
434 1197 507 1259 licet
542 1195 682 1259 fabulam
714 1198 877 1276 quandam
907 1217 990 1277 quae
1016 1199 1057 1260 de
1079 1197 1156 1259 Iove
1179 1200 1210 1260 in
1234 1197 1282 1260 Co
1305 1199 1407 1261 insula

151 1309 287 1371 educato
311 1307 479 1370 serebatur.
519 1306 584 1370 Sed
606 1317 675 1369 erat
697 1307 816 1369 ibidem
840 1308 936 1370 etiam
958 1310 998 1370 de
1019 1309 1112 1370 Rhea
1127 1308 1239 1371 Iovem
1262 1311 1406 1389 pariente

151 1417 267 1483 sabula.
311 1419 445 1499 Legitur
467 1419 552 1480 enim
575 1419 606 1479 in
628 1418 729 1480 schol.
753 1419 878 1485 Townl.
900 1419 1014 1500 9293,
1039 1419 1092 1482 ubi
1114 1420 1220 1482 variae
1242 1418 1405 1500 proferun-

150 1541 202 1591 tur
231 1551 346 1592 causae
378 1550 433 1591 cur
463 1528 570 1609 aquila
592 1529 660 1591 lovi
682 1530 847 1591 carissima
870 1531 937 1591 avis
959 1532 1015 1593 sit:
1047 1529 1080 1596 οἱ
1104 1528 1142 1595 δὲ
1165 1523 1216 1595 ὅτι
1238 1521 1406 1614 Μέροψὸ

150 1643 248 1726 Κῷος
270 1631 446 1717 ἀπαύστως
468 1635 607 1704 ἐπένθει
628 1635 688 1725 τὴν
712 1643 868 1724 γυναῖκα·
892 1638 1018 1720 ξενίσας
1040 1639 1078 1706 δὲ
1098 1636 1156 1727 τὴν
1178 1639 1297 1722 Ρέανῧ)
1319 1663 1406 1723 ματε-

150 1747 263 1834 βλίθη
293 1749 351 1816 καὶ
381 1747 605 1835 συμπάρεστιν
635 1742 688 1815 ἀεὶ
715 1753 763 1836 τῷ
791 1749 863 1818 Διΐ.
916 1751 1100 1814 Sententiae
1130 1773 1233 1815 nexus
1263 1752 1407 1834 postulat

151 1873 186 1924 ut
208 1863 340 1943 Merops
363 1863 394 1923 in
417 1863 557 1942 aquilam
581 1865 622 1924 sit
644 1861 889 1943 transfiguratus
913 1903 952 1910 —
976 1884 1050 1925 nam
1073 1863 1314 1944 transfiguratio
1337 1863 1407 1944 ipsa

150 1973 235 2036 lacta
268 1983 316 2036 est
344 1983 476 2055 propter
503 1974 819 2036 vehementissimum
850 1975 972 2036 luctum
992 1977 1132 2055 -quia
1161 1976 1243 2036 bene
1266 1976 1308 2036 de
1330 1975 1407 2037 Iove

152 2085 283 2146 meritus
306 2094 364 2147 est.
403 2085 476 2147 Hoc
499 2086 602 2147 inesse
625 2106 689 2147 non
712 2095 822 2167 potest
844 2087 902 2146 nisi
926 2086 956 2147 in
975 2086 1081 2148 verbis
1098 2083 1225 2164 ξενίσας
1238 2080 1295 2172 τὴν
1306 2077 1407 2150 Ῥέαν.

150 2197 201 2259 Ne
230 2196 337 2278 plura:
375 2195 507 2277 Merops
536 2195 677 2278 hospitio
708 2197 837 2277 excepit
866 2197 897 2258 in
930 2195 978 2258 Co
1007 2196 1108 2258 insula
1138 2195 1264 2258 Rheam
1295 2197 1406 2259 Iovem

150 2421 390 2472 commonefacimus
412 2429 500 2469 notam
524 2436 576 2470 rem
599 2420 770 2469 dialecticam:
799 2417 904 2476 Πύτιος
927 2437 973 2485 pro
996 2415 1107 2476 Πύθιος
1127 2419 1195 2467 etin
1215 2418 1313 2468 Cretico
1334 2420 1406 2468 titulo

152 2508 243 2569 (Cauer
261 2503 328 2555 de1.²
351 2505 409 2571 117)
427 2515 452 2554 et
470 2506 495 2553 in
514 2505 638 2554 Arcadico
656 2521 737 2570 prope
755 2505 896 2569 Gortynem
914 2514 1013 2569 reperto
1032 2501 1072 2567 (C.
1093 2504 1113 2552 I.
1135 2504 1167 2552 G.
1189 2502 1274 2568 1534).

236 2591 259 2656 ¹)
277 2592 370 2640 Videas
394 2607 458 2655 quae
482 2607 506 2655 p.
526 2603 541 2649 9
560 2591 619 2639 adn.
638 2590 733 2640 monui.
771 2591 893 2640 Coloniae
912 2590 1035 2638 deductae
1053 2605 1106 2637 esse
1124 2589 1242 2637 dicuntur
1260 2605 1275 2637 a
1293 2591 1407 2653 Tegeata

150 2677 267 2742 Telepho
285 2678 319 2725 ad
337 2677 450 2735 Caicum,
470 2692 485 2723 a
504 2678 621 2724 Macareo
640 2676 765 2737 Lycaonis
786 2676 838 2724 filio
857 2676 968 2724 Lesbum
987 2674 1077 2738 (Diod.
1097 2675 1129 2734 V,
1151 2671 1205 2738 81).
1241 2677 1281 2724 De
1299 2676 1406 2726 Tenedo

151 2763 183 2811 cs.
202 2763 275 2811 Pind.
294 2761 368 2810 Nem.
386 2763 435 2823 XI,
456 2775 487 2825 33
506 2778 543 2826 sq.
564 2788 594 2798 -
616 2761 698 2825 Ipsius
716 2761 828 2826 Meropis
847 2761 957 2810 Percosii
979 2759 1044 2809 filios
1063 2759 1200 2809 Adrastum
1222 2770 1247 2810 et
1266 2762 1406 2826 Amphium

150 2849 183 2896 ad
208 2847 341 2911 Sicyonem
366 2847 557 2912 quodammodo
581 2855 694 2911 spectare
718 2846 850 2895 adnotavit
874 2847 992 2910 Mayerus
1016 2846 1075 2910 Gig.
1101 2862 1125 2894 u.
1145 2846 1196 2896 Tit.
1214 2864 1240 2912 p.
1260 2847 1300 2910 38.
1336 2849 1407 2897 Haec

150 2941 233 2982 autem
256 2933 307 2982 fere
325 2933 395 2996 regio
415 2941 573 2996 quantopere
592 2948 648 2982 curn
666 2932 778 2981 Arcadia
796 2932 881 2982 iuncta
899 2932 930 2981 sit
949 2932 1123 2980 demonstrant
1140 2940 1165 2980 et
1183 2949 1213 2982 ea
1231 2949 1296 2998 quae
1315 2933 1407 2996 collegi

150 3037 177 3084 p.
198 3020 214 3068 6
237 3027 263 3069 et
286 3019 357 3084 quod
374 3017 498 3067 Anchises
520 3018 587 3066 idem
606 3020 685 3066 Arcas
708 3017 783 3066 etiam
801 3017 909 3081 Sicyone
929 3017 1035 3067 occurrit
1053 3015 1096 3081 (Il.
1115 3017 1216 3075 XXIII,
1237 3016 1313 3083 296);
1342 3019 1407 3068 Solis

149 3121 209 3153 vero
228 3103 303 3162 filius.
323 3105 419 3153 Aeetae
437 3103 561 3152 Corinthii
580 3102 655 3151 frater
670 3103 775 3161 Aloeus,
796 3103 839 3167 qui
858 3103 934 3152 etiam
948 3102 1081 3164 Sicyonius
1092 3111 1138 3158 est,
1160 3104 1284 3171 Arcadiae
1300 3120 1407 3168 regnum

149 3191 250 3240 sortitur
269 3188 400 3255 (Eumelus
419 3189 444 3237 in
463 3189 544 3238 schol.
563 3188 638 3238 Pind.
658 3189 700 3238 Ol.
719 3189 794 3243 XIII,
817 3199 863 3250 743
886 3187 918 3237 cl.
936 3189 1066 3252 Mayerum
1084 3189 1102 3239 l.
1120 3189 1136 3239 1.
1155 3206 1180 3254 p.
1199 3188 1252 3253 23).

235 3271 258 3338 ⁹)
277 3275 403 3324 Robertus
432 3273 513 3340 (Erat.
536 3274 632 3323 Catast.
658 3291 684 3339 p.
704 3271 773 3338 233),
801 3289 876 3338 quem
905 3281 1013 3323 sectatus
1039 3283 1076 3323 est
1103 3275 1225 3323 Maassius
1252 3274 1277 3323 in
1305 3273 1407 3322 scholiis

149 3361 250 3410 Townl.
273 3360 388 3418 edendis,
413 3360 509 3409 censuit
533 3376 580 3424 pro
602 3353 678 3411 Ῥέαν
703 3359 862 3409 scribendum
885 3374 938 3408 esse
960 3355 1062 3428 Ἥραν,
1088 3360 1147 3424 quia
1172 3358 1290 3423 Hyginus
1314 3366 1407 3408 astron.

149 3446 185 3501 ΙΙ,
208 3445 238 3494 16
256 3455 281 3495 et
298 3446 351 3510 ipse
369 3447 501 3510 Meropem
522 3445 556 3494 de
573 3461 651 3494 uxore
669 3453 769 3494 mortua
786 3445 916 3507 lugentem
934 3444 1041 3494 afferens
1059 3460 1104 3509 per
1116 3445 1240 3493 Iunonem
1254 3443 1280 3491 in
1295 3443 1405 3507 aquilam

147 3532 351 3581 transformatum
375 3547 428 3580 esse
454 3539 553 3588 narrat3
578 3531 628 3579 hoc
653 3538 735 3580 autem
753 3547 840 3579 verum
858 3530 946 3588 videri,
974 3547 1032 3579 cum
1050 3529 1128 3579 fidem
1146 3529 1264 3593 coniugis
1282 3529 1408 3576 honorare

148 3618 273 3667 Iunonem
297 3617 369 3667 unice
392 3618 488 3667 deceat.
525 3617 576 3666 Sed
591 3612 669 3668 Ῥέαν
686 3616 711 3665 in
730 3615 884 3664 scholiorum
902 3616 947 3665 illo
965 3617 1023 3666 loco
1043 3613 1098 3679 (qui
1117 3615 1183 3664 idern
1203 3615 1271 3680 apud
1292 3614 1408 3664 Eustath.

147 3704 180 3752 ad
198 3705 215 3753 l.
233 3720 259 3768 p.
281 3715 342 3767 1351
363 3701 465 3768 legitur)
490 3703 553 3752 haec
576 3702 627 3750 fere
649 3701 803 3750 detendunt:
830 3702 939 3766 primum
966 3702 1036 3766 quod
1057 3701 1144 3749 Rheae
1163 3700 1326 3764 excipiendae
1352 3698 1407 3748 linis

147 3798 253 3854 apparet
276 3790 383 3838 maxime
408 3797 576 3854 opportunus,
603 3787 709 3837 Iunonis
733 3802 786 3836 non
809 3786 881 3843 item;
907 3796 960 3836 tum
985 3787 1064 3851 quod,
1084 3787 1104 3834 si
1125 3786 1250 3834 Iunonem
1274 3795 1406 3850 exceptam

147 3874 274 3940 ponimus,
297 3891 349 3924 non
368 3875 417 3923 iam
435 3883 472 3923 est
490 3872 602 3938 Meropis
619 3888 681 3938 erga
694 3874 782 3921 Iovem
800 3872 882 3936 ipsum
896 3872 1021 3930 meritum,
1042 3871 1112 3935 quod
1125 3879 1209 3919 tamen
1226 3869 1360 3934 flagitatur.
1374 3899 1406 3906 —

147 3959 177 4008 ln
202 3961 298 4024 Hygini
320 3960 476 4020 narratione,
501 3959 547 4008 etsi
572 3974 625 4006 non
648 3957 706 4006 satis
724 3956 785 4005 mihi
803 3956 882 4021 liquet
900 3958 980 4022 qualis
998 3956 1062 4005 ratio
1083 3957 1220 4004 inteream
1240 3963 1264 4004 et
1283 3955 1407 4004 scholium

147 4046 203 4096 coll.
227 4046 338 4104 intersit,
364 4054 448 4094 tamen
473 4045 499 4093 id
523 4060 563 4093 me
585 4043 698 4109 paullum
722 4042 842 4099 offendit,
874 4043 944 4107 quod
969 4043 1033 4090 Iuno
1055 4040 1132 4092 efficit
1157 4041 1407 4091 transformationem

147 4130 254 4195 aquilae,
280 4147 345 4197 quae
370 4131 472 4196 quidem
495 4146 547 4180 non
571 4129 618 4178 nisi
644 4128 712 4176 Iovis
735 4128 837 4192 propria
859 4137 908 4184 est:
939 4136 1035 4177 ceterae
1057 4127 1089 4175 de
1114 4143 1144 4176 ea
1171 4127 1271 4175 fabulae
1290 4126 1409 4175 adhunc

145 4217 227 4265 solnm
245 4218 352 4267 attinent
375 4216 418 4279 (cf.
439 4217 536 4280 Hygin.
554 4216 570 4265 1.
589 4214 623 4278 l.).
