3142 4986
673 291 885 354 „32-

241 443 416 507 Herculem
438 443 493 506 illa
513 447 601 507 natio
622 465 720 524 quam
742 444 932 507 adumbravi
955 443 1094 518 colebat,
1118 446 1271 525 quoniam
1286 454 1425 529 patrem

156 553 304 618 Thessali
334 575 409 618 eum
438 553 527 643 iecit.
566 553 610 617 Et
639 564 752 636 patent
782 555 930 618 Herculis
960 556 1096 636 vestigia
1118 556 1235 619 eodem
1258 555 1326 619 fere
1348 577 1425 637 quo

156 664 292 745 Antiphi
322 676 356 728 et
388 663 552 746 Phidippi3
587 686 670 747 quae
703 667 816 748 paucis
846 666 1058 743 perlustrabo.
1114 669 1145 748 a)
1174 667 1309 748 Ephyra
1343 667 1423 749 ipsa

156 755 378 864 Thesprotica,
402 777 491 839 cuius
513 797 572 839 rex
592 777 721 857 Phylas,
752 779 794 840 ab
816 777 956 840 Hercule
978 786 1075 858 capta
1097 786 1146 839 est
1154 777 1199 857 ¹);
1230 777 1271 840 ab
1293 778 1422 841 eodem

157 886 376 950 Molossorum
407 887 497 964 regia
527 907 608 968 gens
636 907 695 969 per
724 888 913 962 Lanassam,
944 885 1098 950 Cleodaei
1119 886 1228 964 filiam,
1255 887 1423 969 originem

156 998 249 1061 duxit
257 997 294 1081 2).
320 1034 360 1045 -
387 997 422 1079 b)
449 997 487 1059 In
519 998 590 1079 ipsa
623 997 824 1082 Thessalia³)
857 998 1035 1074 Aleuadae,
1069 1018 1207 1079 quorum
1239 998 1422 1080 praecipua

156 1110 250 1172 sedes
270 1109 399 1172 Larissa
422 1117 499 1181 erat,
530 1108 679 1171 Herculis
708 1129 827 1190 genere
850 1109 914 1172 nati
939 1129 1011 1172 esse
1031 1109 1091 1172 sibi
1113 1109 1349 1190 videbantur4).
1374 1147 1424 1156 —

156 1224 186 1303 c)
209 1219 352 1283 Ormenii
376 1239 435 1281 rex
450 1218 619 1298 Amyntor
641 1220 695 1299 qui
718 1221 918 1283 adversarius
938 1221 1062 1282 exstitit
1075 1221 1117 1283 ab
1132 1220 1272 1282 Hercule
1288 1220 1422 1284 occisus

156 1333 249 1414 est⁶t
272 1370 311 1380 —
334 1332 368 1411 d)
390 1331 568 1392 Pheraeam
597 1323 814 1407 Alcestidem,
846 1331 981 1394 Admeti
1003 1351 1157 1414 uxorem,
1187 1331 1421 1394 moribundam

157 1441 330 1505 Herculem
360 1440 422 1504 luci
451 1440 627 1503 reddidisse
657 1462 730 1504 cum
754 1441 842 1505 Orco
873 1443 1078 1505 dimicantem
1100 1443 1269 1524 Euripides
1290 1443 1322 1504 in
1344 1443 1420 1506 ‘Al-

156 1554 289 1617 cestide’
321 1560 456 1614 enarrat.
503 1550 600 1614 Cuius
629 1552 660 1614 in
690 1553 1007 1639 narrationexsabula
1036 1555 1166 1634 quidem
1195 1555 1236 1615 de
1265 1553 1419 1618 Herculis

158 1664 300 1744 Orcique
321 1663 497 1725 certamine
515 1663 625 1725 Pheris
648 1662 733 1726 facto
756 1663 843 1726 haud
865 1665 932 1726 scio
953 1685 994 1728 an
1013 1685 1090 1727 vera
1111 1666 1152 1728 sit
1160 1667 1186 1745 6)
1207 1663 1418 1728 conferenda·

158 1796 221 1858 que
253 1795 327 1837 curn
360 1774 477 1836 eodem
512 1773 577 1836 fere
611 1775 652 1836 ad
681 1774 797 1854 Pylum
829 1777 1012 1839 certamine.
1044 1813 1084 1824 —
1114 1778 1144 1857 e)
1174 1774 1257 1838 Cum
1286 1773 1417 1856 Cycno,

158 1887 271 1949 Martis
300 1884 375 1960 filio,
406 1885 563 1948 Hercules
593 1883 775 1948 conflixisse
805 1886 919 1950 dicitur
947 1906 985 1948 ac
1013 1887 1126 1949 vicisse
1156 1887 1255 1949 modo
1281 1886 1420 1968 Pagasis

157 1998 188 2058 in
218 2017 393 2078 earumque
422 1997 584 2059 vicinitate
595 1998 629 2076 ⁷),
664 1997 764 2059 modo
794 1998 836 2058 ad
863 1997 1034 2078 ltonem⁸)‚
1069 1998 1194 2059 mediae
1222 1995 1419 2060 Phthiotidis

158 2108 280 2172 urbem.
337 2106 424 2188 Quin
461 2109 558 2170 etiam
595 2127 698 2187 usque
736 2109 777 2169 ad
814 2106 1008 2170 Trachidem
1041 2108 1134 2170 huius
1167 2107 1293 2170 fabulae
1326 2107 1419 2172 orbis

157 2228 248 2301 patet
257 2222 292 2301 ⁹).
310 2254 349 2265 -
366 2217 392 2300 i)
414 2217 608 2299 Omphalae,
626 2219 755 2299 Jardani
778 2218 871 2293 filiae,
894 2219 1061 2281 servivisse
1078 2218 1251 2281 Herculem
1265 2218 1419 2300 primitus

157 2351 222 2393 non
244 2332 275 2402 in
297 2330 413 2410 Lydia,
436 2330 495 2391 sed
517 2331 548 2391 in
564 2328 732 2391 Thessalia
755 2339 842 2391 certe
864 2329 973 2392 docuit
989 2329 1254 2392 Wilamowitzius
1272 2329 1416 2417 (Heracl.

156 2444 180 2517 Ι,
209 2456 267 2521 315
289 2442 409 2522 sq.)¹⁰).
449 2441 635 2503 Inseruntur
657 2449 766 2501 autem
789 2441 886 2502 etiam
909 2440 981 2502 huic
997 2439 1123 2503 fabulae
1139 2440 1246 2521 plures
1264 2461 1314 2502 res
1329 2461 1415 2523 quae

161 2560 369 2571 -—————-

155 2610 291 2682 (φέρεται)
314 2613 361 2663 καὶ
374 2605 471 2676 χώραν
489 2608 639 2677 κατασχὼν
656 2613 811 2664 Θεσσαλίαν
829 2605 958 2664 ἐκάλεσεν
959 2647 1146 2674 ........
1165 2611 1325 2670 Φείδιππος
1341 2610 1416 2676 μετὰ

157 2700 212 2751 τῶν
230 2692 318 2767 Κῴων
344 2695 374 2750 ἰν
391 2692 496 2768 Ἄνδρῳ
513 2691 679 2764 κατῴκησεν.
713 2692 803 2764 (Inter
822 2696 933 2745 arctioris
950 2712 1037 2757 nexus,
1062 2713 1114 2761 quo
1131 2697 1234 2746 Andrus
1251 2712 1281 2745 ac
1299 2696 1360 2758 Cos,
1387 2705 1419 2750 ut

156 2783 264 2843 videtur,
297 2783 359 2833 olim
391 2783 600 2845 continebantur,
635 2784 728 2835 indicia
758 2791 865 2849 possunt
896 2783 1000 2831 fortasse
1026 2784 1113 2832 haberi
1140 2785 1216 2834 etiam
1241 2783 1301 2832 Anii
1326 2783 1417 2837 fabula

157 2870 194 2935 (p.
212 2867 257 2934 58)
277 2877 302 2919 et
319 2869 412 2919 Bacchi
430 2869 584 2919 Theodaesii
602 2885 673 2919 sacra
691 2868 730 2935 (p.
751 2865 824 2934 64).)

243 2952 266 3019 ¹)
285 2955 410 3020 Apollod.
430 2956 466 3015 ΙΙ,
489 2967 512 3016 7,
534 2955 564 3014 6;
585 2955 664 3005 Diod.
684 2957 732 3015 IV,
753 2955 795 3018 36.

243 3037 267 3106 ²)
286 3040 353 3090 Plut.
371 3041 458 3105 Pyrrh.
480 3054 501 3090 1.

243 3123 267 3192 ⁸)
286 3127 362 3176 Mitto
381 3126 546 3192 Lapitharum
569 3133 694 3176 certamen
713 3133 739 3174 et
756 3126 826 3190 quod
845 3125 878 3175 ad
896 3127 980 3174 Dores
999 3125 1177 3174 tantummodo
1195 3125 1284 3174 attinet
1300 3131 1325 3175 et
1342 3125 1413 3191 quod

158 3229 214 3264 mea
232 3212 335 3278 quidem
353 3211 477 3261 sententia
495 3212 517 3262 ei
535 3219 649 3260 auctores
667 3218 766 3260 veteres
784 3211 871 3276 quiin
889 3209 1078 3275 septentrionali
1096 3209 1140 3258 illa
1151 3209 1298 3259 Thessaliae
1309 3211 1412 3274 regione

159 3297 295 3359 collocant,
315 3296 505 3347 malefaciunt.

243 3378 267 3445 ⁴)
286 3381 318 3430 Id
341 3381 423 3431 elucet
447 3399 477 3431 ex
501 3382 574 3431 Pind.
593 3382 665 3443 Pyth.
684 3384 716 3433 X.
736 3399 812 3433 carm.
832 3382 938 3432 exordio
960 3399 990 3433 ac
1012 3384 1103 3434 diserte
1122 3384 1229 3435 traditur
1251 3385 1284 3433 ab
1302 3382 1410 3450 ulpiano

158 3469 184 3516 in
202 3467 282 3517 schol.
301 3467 435 3516 Demosth.
454 3467 496 3516 Ol.
519 3469 538 3516 l.
574 3468 612 3516 cf.
631 3469 753 3517 Boeckhii
772 3469 864 3534 explic.
884 3469 956 3518 Pind.
975 3486 1001 3534 p.
1019 3483 1078 3533 332.

244 3548 268 3617 δ)
286 3552 411 3617 Apollod.
431 3553 466 3609 11,
489 3562 512 3614 7,
534 3562 564 3613 7;
585 3551 618 3601 cf.
638 3552 717 3602 Diod.
735 3554 783 3613 IV,
803 3565 845 3616 37.

244 3635 256 3670 θ
288 3638 328 3688 Cf.
349 3639 383 3687 O.
406 3637 557 3686 Muellerum
575 3639 639 3687 Dor.
660 3640 682 3698 Ι,
702 3650 761 3702 415.
798 3639 876 3688 Aliud
894 3645 979 3689 censet
997 3638 1205 3687 Wilamowitzius
1223 3640 1291 3701 Isyll.
1309 3657 1355 3706 pp.
1368 3639 1413 3703 67,

159 3737 191 3787 7²
211 3741 237 3774 n.

244 3807 268 3874 l)
287 3809 394 3859 Hesiod.
414 3816 477 3858 scut.
501 3809 542 3872 58,
565 3819 605 3870 7ο,
633 3807 684 3872 380
702 3826 749 3874 sq.,
770 3807 828 3867 fin.;
849 3808 937 3873 Eurip.
955 3808 1057 3856 Heracl.
1079 3806 1129 3871 389
1147 3822 1203 3872 sqq.
1238 3809 1278 3858 Cl.
1297 3807 1370 3857 Paus.
1388 3807 1413 3868 Ι,

158 3907 200 3957 27,
221 3894 246 3945 6.

245 3977 268 4044 Β)
288 3978 410 4045 Apollod.
430 3979 464 4035 ll,
487 3990 510 4040 7,
532 3990 561 4040 7;
582 3978 660 4028 Diod.
680 3979 726 4036 lv,
747 3991 787 4040 37.

244 4050 268 4130 19)
288 4063 395 4114 Hesiod.
416 4072 479 4114 scut.
496 4075 547 4126 472
566 4080 622 4129 sqq.

234 4148 270 4216 ¹⁰)
290 4150 319 4199 C.
340 4149 499 4199 Wernickius
521 4147 598 4214 (‘Aus
621 4149 667 4198 der
685 4148 806 4197 Anomia²
831 4166 857 4213 p.
876 4160 907 4209 72
927 4143 995 4212 sqq.)
1019 4146 1068 4195 hoc
1088 4147 1231 4196 concedens
1251 4147 1277 4195 id
1295 4144 1360 4211 egit,
1384 4151 1415 4197 ut

159 4235 251 4287 similes
276 4235 400 4300 quasdam
423 4233 577 4283 Asianorum
600 4233 700 4283 fabulas
723 4248 811 4298 resque
835 4233 935 4282 divinas
958 4231 1116 4296 exploraret,
1146 4240 1251 4296 propter
1274 4245 1336 4295 quas
1359 4228 1414 4279 fieri
