3142 4986
647 293 859 356 -33-

129 452 171 513 ad
193 451 319 512 diversa
340 448 414 510 loca
436 455 601 528 spectant:
624 447 689 508 scil.
714 449 754 509 ad
777 446 898 509 Pelium
921 457 1074 524 montem,
1098 457 1166 510 tum
1189 451 1230 512 ad
1245 450 1381 531 ltonem‚

127 571 196 624 tum
218 562 260 624 ad
282 559 431 621 Lamiam
454 556 694 638 Thermopylas
717 557 910 619 Trachidem
933 558 1133 622 Heracleam.

213 671 305 731 Haec
335 668 487 749 quoniam
516 669 736 730 demonstrata
765 678 848 742 sunt,
880 669 944 730 iam
970 669 1001 730 in
1031 690 1071 732 eo
1093 680 1199 734 estut
1221 672 1307 734 natio
1330 674 1380 735 de·

127 784 272 863 signetur
294 779 344 842 cui
366 788 398 839 et
420 778 451 840 in
475 777 669 860 Thesprotia
692 787 724 840 et
746 778 777 840 in
792 776 959 841 Thessalia
982 778 1108 843 fabulae
1130 782 1224 845 tribui
1246 783 1380 864 possint.

129 889 237 972 Quid?
273 887 448 951 Thessalos
485 890 540 969 qui
576 890 706 970 proprie
742 898 898 952 vocantur
934 911 953 952 e
986 890 1180 972 Thesprotia
1217 892 1380 974 profectos

128 999 329 1063 Thessaliam
362 1000 571 1080 occupavisse
581 1000 605 1081 1)
639 1010 764 1062 veteres
797 1001 1006 1081 prodiderunt
1036 1001 1168 1082 (Herod.
1197 1003 1270 1079 Vll,
1298 1005 1377 1084 176).

128 1113 226 1193 Ergo,
256 1109 357 1192 qualis
386 1121 436 1172 est
466 1109 535 1173 Coa
565 1113 606 1173 de
627 1111 776 1192 Antipho
808 1122 841 1174 et
862 1113 1022 1193 Phidippo
1045 1112 1223 1178 Heraclidis
1254 1113 1377 1177 fabula:

130 1243 193 1302 qua
215 1243 248 1284 re
270 1221 383 1282 adduci
406 1241 580 1302 possumus
600 1232 634 1284 ut
649 1223 832 1284 dubitemus
848 1223 958 1302 quina
980 1223 1233 1286 ‘Thessalorum'
1252 1226 1379 1287 natione

128 1332 169 1394 illi
191 1333 222 1394 in
243 1335 312 1394 Con
335 1330 471 1394 insulam
494 1333 557 1394 sint
578 1331 742 1395 translati?

212 1442 336 1503 Tamen
359 1440 421 1504 Od.
446 1443 620 1505 Muellerus
630 1443 656 1523 2)
679 1444 770 1524 (Dor.
793 1443 838 1518 12,
863 1464 893 1524 p.
916 1460 975 1505 110
990 1447 1051 1525 sq.)
1073 1445 1214 1508 Doribus
1237 1447 1376 1509 Heracli-

124 1555 172 1616 dis
194 1553 366 1615 vindicavit
388 1553 570 1634 Antiphum
592 1553 850 1635 Phidippumque
873 1575 915 1616 ex
937 1554 1095 1636 Argolide
1118 1555 1279 1636 profectis,
1304 1578 1378 1620 cum

123 1673 269 1726 censeret
301 1663 448 1726 Thessali
485 1663 568 1726 filios
603 1666 646 1726 ob
678 1685 750 1727 eam
782 1648 850 1727 rem
882 1666 990 1727 vocari
1027 1667 1115 1746 quod
1149 1667 1240 1748 origo
1274 1670 1377 1749 gentis

123 1774 257 1837 fabulari
301 1776 423 1838 ratione
463 1775 695 1856 expugnationi
736 1775 906 1856 Ephyrae,
950 1775 1179 1839 Thessalorum
1217 1776 1270 1856 <at
1313 1799 1377 1840 non

122 1885 286 1966 Doruml)
303 1887 434 1968 patriae,
463 1888 694 1949 adnecteretur.
739 1887 942 1969 Longissime
965 1909 1041 1950 sane
1063 1889 1164 1970 petita
1186 1889 1374 1969 explicatiol

123 1997 166 2059 Et
195 1998 280 2059 idem
307 1997 371 2059 iere
398 1998 547 2060 iudicavit
574 1999 622 2060 vir
643 1999 847 2061 doctissimus
870 1999 911 2059 de
934 1997 1068 2060 Rhodiis
1091 1998 1271 2060 Heraclidis
1294 2020 1376 2079 quos

123 2119 231 2173 tamen
254 2119 287 2171 et
307 2111 375 2191 ipse
397 2111 484 2171 ducit
506 2107 582 2171 Cois
603 2109 812 2190 propinquos.
858 2108 1086 2189 Tlepolemum
1109 2109 1193 2170 enim
1212 2109 1374 2172 Rhodium

123 2219 269 2282 Herculis
299 2219 398 2282 filium
428 2220 479 2282 alii
509 2230 620 2282 natum
650 2240 721 2282 esse
751 2218 923 2281 tradebant
944 2218 1098 2300 Ephyrae
1129 2219 1170 2280 ab
1193 2219 1373 2299 Astyoche,

120 2331 285 2412 Phylantis
308 2331 415 2412 filim),
438 2331 491 2393 alii
515 2330 658 2393 Ormenii
681 2331 723 2391 ab
746 2330 939 2410 Amyntoris
961 2327 1025 2391 filia
1048 2329 1296 2409 Astydamea4).
1332 2331 1375 2392 Et

120 2442 201 2505 haec
225 2444 355 2522 quidem
378 2444 538 2523 posterior
560 2440 667 2503 fabula
690 2442 786 2503 etiam
810 2442 921 2520 quinto
943 2461 971 2502 a.
989 2439 1062 2504 Chr.
1086 2461 1169 2502 saec.
1186 2441 1272 2521 apud
1287 2442 1374 2522 ipsos

120 2554 267 2616 Rhodios
301 2555 406 2614 vivida
439 2553 608 2614 tenebatur
637 2553 801 2613 memoria.
852 2551 949 2613 Cuius
978 2551 1161 2612 testimonio
1191 2561 1265 2612 sunt
1294 2550 1373 2614 haec

121 2664 244 2726 Pindari
276 2664 373 2726 verba
404 2665 443 2725 de
473 2664 720 2744 Diagoridarum
750 2664 837 2742 regia
867 2674 962 2743 gente
994 2661 1058 2743 (Ol.
1089 2661 1161 2736 Vll,
1190 2678 1248 2740 130
1271 2667 1371 2744 sqq.):

124 2770 270 2860 ἐθελῇσω
298 2778 405 2840 τοῖσιν
436 2771 473 2853 ἐξ
499 2765 599 2858 ἀρχᾶς
627 2766 696 2838 ἀπὸ
729 2770 948 2854 Τλαπολέμου
980 2767 1071 2852 ξυνὸν
1094 2765 1259 2856 ἀγγέλλων
1281 2772 1369 2858 διορ-

123 3026 240 3089 potuerit,
261 3035 289 3074 ut
307 3024 445 3089 Omphales
465 3024 551 3071 sabula
568 3024 653 3071 denno
672 3023 698 3070 in
716 3022 797 3085 Lydia
816 3022 990 3071 collocaretur.
1024 3024 1052 3071 F.
1065 3023 1175 3071 Cauerus
1193 3037 1253 3068 vero
1266 3020 1371 3084 (Rhein.

121 3111 186 3160 Mus.
213 3111 246 3160 N.
265 3111 295 3158 F.
324 3109 366 3169 46.
396 3109 457 3170 1891
479 3126 504 3173 p.
523 3120 573 3168 244
590 3105 657 3172 sqq.)
686 3123 774 3172 reapse
801 3107 826 3155 in
850 3107 940 3169 Lydia,
970 3109 989 3156 si
1015 3116 1080 3156 recte
1108 3106 1237 3169 intellego,
1264 3106 1372 3169 primum

120 3198 193 3245 istam
210 3196 322 3244 fabulam
342 3196 374 3243 de
392 3195 503 3243 Hercule
522 3194 662 3243 consectam
681 3208 734 3241 esse
752 3192 893 3241 arbitratur.

208 3280 231 3344 ¹)
251 3281 334 3330 Primo
361 3295 405 3329 eos
428 3278 640 3328 Thessaliotidem
668 3277 825 3342 potissimum
848 3277 1005 3341 provinciam
1029 3276 1136 3326 tenuisse
1159 3275 1228 3324 haud
1251 3275 1319 3325 male
1341 3293 1372 3326 ex

120 3369 169 3415 hoc
194 3368 297 3416 nomine
319 3366 469 3415 coniectavit
492 3367 660 3413 Buttmaunus
685 3361 803 3427 (mythol.
826 3363 862 3419 ΙΙ,
885 3361 955 3426 262).
978 3389 1011 3397 -
1035 3362 1139 3411 Eisdem
1163 3361 1280 3411 Herculis
1303 3378 1373 3412 sacra

120 3468 172 3501 non
202 3453 283 3500 minus
312 3467 388 3516 quarn
416 3451 528 3500 Doribus
556 3459 580 3499 et
608 3450 710 3499 Boeotis
736 3449 902 3497 vindicantur.
954 3447 994 3498 Cf.
1022 3448 1242 3498 Wilamowitzium
1270 3450 1372 3500 Heracl.

120 3539 141 3594 Ι,
164 3549 221 3598 277.

205 3620 228 3686 Ξ)
248 3624 330 3672 Etiam
355 3622 561 3671 Wilamowitzius
588 3619 667 3684 (lsyll.
692 3638 718 3685 p.
739 3617 782 3684 52)
808 3620 873 3669 Coas
897 3619 1013 3668 Herculis
1037 3614 1134 3668 fabulas
1157 3620 1269 3668 Doribus
1287 3620 1372 3668 deberi

119 3708 258 3757 contendit.
278 3737 312 3744 —
330 3708 449 3757 Hiclcsius
473 3705 577 3771 (introd.
603 3705 713 3770 inscript.
740 3722 765 3769 p.
784 3702 848 3769 1111)
874 3712 959 3754 censet
983 3706 1064 3753 Dores
1088 3704 1211 3768 quosdam
1230 3703 1273 3768 qui
1296 3705 1370 3753 etiam

119 3803 177 3840 ante
201 3793 403 3857 Peloponnesum
430 3793 534 3843 omnino
557 3809 572 3840 a
596 3793 696 3840 Dorum
718 3791 820 3839 natione
845 3799 994 3854 occupatam
1017 3789 1042 3836 in
1065 3789 1190 3853 Argolide
1212 3788 1371 3839 consederint

119 3879 321 3926 Thessalicarum
340 3895 420 3926 rerum
440 3878 547 3925 maxime
567 3891 689 3924 memores
707 3891 757 3923 una
775 3892 831 3924 cum
848 3873 978 3922 ‘Achaeis’
998 3873 1023 3922 in
1037 3873 1092 3922 Con
1112 3875 1218 3922 insulam
1238 3873 1369 3925 transiisse.

205 3960 228 4025 ³)
250 3964 278 4010 ll.
299 3964 332 4020 ll,
353 3964 403 4027 658
421 3979 473 4028 sq.;
495 3961 618 4026 Apollod.
642 3961 677 4017 ll,
701 3972 723 4021 7,
744 3960 772 4016 6;
794 3960 874 4008 Diod.
895 3960 940 4014 IV.
962 3959 1002 4021 36.

205 4046 227 4111 ⁴)
248 4047 353 4096 Hesiod.
378 4048 402 4096 in
425 4049 506 4096 schol.
532 4045 605 4094 Pind.
632 4045 673 4093 Ol.
696 4046 757 4106 VII,
776 4057 810 4106 42
836 4043 894 4109 (srg.
918 4057 966 4105 134
983 4044 1059 4108 Rz.);
1089 4055 1185 4110 patrem
1209 4052 1292 4091 tamen
1316 4060 1369 4092 non

118 4136 293 4195 Amyntorem,
316 4134 360 4181 sed
384 4133 522 4181 Ormenum
549 4141 632 4180 vocat.
670 4131 752 4179 Etiam
780 4129 845 4178 filius
869 4130 1012 4194 Tlepolemi
1037 4131 1160 4195 Deipylus
1183 4130 1296 4194 sepultus
1314 4144 1368 4180 esse
1414 4124 1417 4130 ’

119 4218 231 4265 Ormenii
250 4218 340 4265 dicitur
359 4219 383 4265 in
402 4221 441 4266 Ps.
460 4219 563 4267 Aristot.
583 4217 652 4281 pepl.
673 4233 712 4280 ep.
731 4229 764 4276 40
782 4214 880 4280 (th).

171 4309 300 4351 Dibbelr.
1147 4315 1162 4365 3
