3142 4986
689 307 900 351 ...11—

160 458 344 540 parituram.
396 459 490 521 Hanc
523 480 600 521 vero
636 457 778 521 fabulam
810 481 875 522 non
907 470 1029 523 temere
1062 461 1224 524 inventam
1257 484 1328 526 esse
1362 465 1416 526 do·

159 579 234 632 cent
262 570 466 651 potissimum
497 567 566 632 Coa
596 569 708 632 Rheae
737 591 829 633 sacra
854 569 904 653 (cl.
927 592 958 652 p.
982 571 1045 653 65).
1090 572 1205 655 Neque
1228 573 1293 636 ullo
1317 577 1417 638 modo

160 679 288 761 neglegi
318 680 416 743 debet
444 681 532 761 quod
562 689 633 743 tota
662 701 713 743 res
735 681 777 742 ad
800 680 969 763 Meropem
979 683 1005 764 ι)
1027 683 1159 745 heroem
1182 687 1311 762 attinet;
1341 707 1417 748 nam

159 792 232 853 inde
264 790 417 872 Meropes
453 791 539 853 Iovis
571 791 683 854 Rheae
720 792 752 853 in
785 790 834 854 Co
872 792 974 855 insula
1014 793 1223 857 colendorum
1257 796 1417 879 principes

159 922 317 983 apparere
346 902 422 964 mihi
451 902 608 965 videntur.
652 903 754 965 Erant
782 911 890 966 autem
920 903 988 966 aliis
1019 904 1190 985 multisque
1217 905 1416 971 Graecorum

159 1014 238 1076 locis
260 1016 301 1076 de
321 1013 407 1076 Io'vis
428 1013 626 1076 incunabulis
650 1012 785 1090 fabulae,
810 1034 893 1094 quae
916 1024 1025 1077 tamen
1047 1016 1089 1077 ad
1112 1017 1192 1078 duas
1213 1018 1417 1098 potissimum

161 1125 392 1187 vetustissimas
414 1125 482 1187 sive
497 1128 656 1188 Creticam
679 1126 745 1187 sive
760 1125 955 1188 Arcadicam
979 1126 1166 1189 Boeoticam
1189 1128 1291 1190 redire
1310 1131 1415 1192 viden-

159 1245 227 1312 tur;
258 1245 291 1298 et
320 1236 434 1298 harum
465 1256 573 1298 rursus
602 1257 645 1297 ex
667 1235 769 1298 altera
791 1236 823 1297 in
845 1237 979 1298 alteram
1002 1236 1155 1298 nonnulla
1177 1239 1369 1302 transierunt
1379 1241 1415 1322 2).

158 1346 227 1408 Iam
257 1345 410 1427 Meropes
439 1347 652 1427 cognovimus
684 1355 717 1408 et
744 1345 795 1408 hic
825 1355 858 1410 et
888 1347 967 1409 illic:
1003 1347 1107 1410 elucet
1137 1348 1232 1428 igitur
1259 1360 1416 1431 quantum

158 1456 250 1520 huius
280 1457 477 1539 quaestionis
506 1457 574 1520 istis
596 1457 748 1519 vindicari
770 1459 873 1539 possit
881 1458 917 1538 ⁸).
941 1495 982 1506 —
1005 1457 1070 1521 Sed
1091 1459 1171 1522 haec
1193 1468 1263 1522 tota
1285 1481 1336 1523 res
1358 1482 1414 1542 per

158 1590 193 1632 se
230 1590 295 1631 non
330 1569 435 1631 minus
471 1588 545 1630 cum
578 1566 677 1630 Creta
714 1588 812 1648 quam
849 1589 923 1631 cum
955 1569 1098 1632 Arcadia
1134 1590 1255 1634 nexum
1287 1569 1415 1637 efficiat.

159 1679 351 1762 Spectemus
373 1681 469 1761 igitur
491 1689 624 1741 ceteras.

245 1807 276 1892 2)
299 1808 443 1888 Meropis
465 1806 530 1869 filia
552 1808 639 1889 apud
659 1806 747 1871 Coos
769 1807 950 1871 habebatur
972 1807 1116 1890 Clytia
1138 1809 1248 1892 (schol.
1273 1808 1412 1873 Theocr.

159 1919 231 1993 VII,
257 1920 296 2000 5).
342 1918 398 1980 Ad
427 1918 564 1999 patriam
587 1920 654 1981 eius
680 1920 897 2001 indagandam
920 1920 1036 1982 certior
1059 1941 1157 2002 quam
1180 1922 1250 2002 ipsa
1271 1922 1340 1982 dux
1365 1930 1416 1983 est

160 2029 295 2110 Clytius.
340 2028 471 2110 Sicyoni
500 2029 585 2092 enim
616 2038 648 2092 et
675 2030 817 2109 Megaris
846 2039 879 2094 et
900 2012 1031 2094 Atticae
1060 2031 1240 2093 communis
1270 2039 1415 2094 servatur

159 2139 257 2220 Clytii
287 2140 457 2217 memoria;
484 2149 533 2203 est
551 2150 661 2203 autem
683 2141 767 2204 filius
789 2141 940 2204 Pallantis
959 2142 1074 2217 herois,
1099 2143 1153 2224 qui
1172 2142 1214 2204 ad
1236 2141 1411 2205 Arcadiam

158 2252 317 2315 Achaiam
347 2251 493 2314 Atticam
522 2251 692 2314 Euboeam
723 2273 827 2334 aeque
854 2254 993 2334 pertinet
1021 2251 1074 2332 (cf.
1097 2252 1264 2320 Kirchner.
1288 2254 1358 2316 Att.
1383 2264 1415 2317 et

157 2363 267 2445 Pelop.
298 2383 329 2445 p.
359 2365 509 2444 25-35).
565 2363 688 2426 Rursus
721 2364 822 2426 Eleae
858 2365 963 2445 gentis
996 2362 1199 2444 Clytidarum
1232 2385 1283 2426 res
1316 2365 1414 2426 etiam

157 2474 317 2536 Arcadiae
350 2473 636 2555 septentrionalem
665 2483 791 2556 partem
821 2475 1066 2556 amplectuntur.
1120 2475 1299 2537 Auctorem
1329 2475 1413 2537 enim

157 2584 300 2665 Clytium
321 2594 415 2667 pater
429 2584 620 2659 Alcmaeon,
644 2584 726 2646 filius
742 2585 932 2667 Amphiarai
941 2586 977 2667 ⁴),
1001 2587 1150 2666 genuisse
1172 2586 1286 2648 dicitur
1307 2606 1325 2647 e
1348 2583 1412 2648 filia

157 2696 276 2776 Phegei
285 2697 321 2776 ⁵),
348 2697 401 2776 qui
424 2696 455 2757 in
477 2694 638 2776 Psophide
661 2695 739 2758 urbe
760 2696 872 2758 sedem
892 2697 993 2758 tenuit
1015 2696 1119 2776 (Paus.
1143 2696 1201 2771 VI,
1230 2712 1276 2777 17,
1300 2695 1349 2776 6);
1379 2704 1412 2759 et

157 2805 208 2868 hic
252 2806 357 2887 ipsum
394 2805 629 2869 Alcmaeonem
666 2806 830 2888 sepultum
870 2827 941 2869 esse
978 2807 1150 2870 narrabant
1186 2807 1291 2888 (Paus.
1320 2807 1409 2882 Vlll,

158 2933 208 2994 24,
224 2916 255 2998 7)
264 2916 306 2998 6);
330 2917 361 2977 in
376 2917 502 2979 Elidem
525 2918 597 2980 inde
615 2918 776 2980 transiisse
792 2915 945 2999 Clytium.
985 2917 1019 2981 Si
1034 2919 1105 2999 quis
1120 2918 1205 2981 hunc
1220 2927 1253 2980 et
1270 2918 1407 2980 alterum

158 3047 255 3109 quern
278 3027 387 3108 paullo
409 3037 483 3090 ante
505 3029 606 3109 attigi,
629 3030 763 3090 eosdem
785 3029 901 3090 ducere
924 3029 987 3090 iarn
1010 3030 1144 3103 dubitat,
1166 3037 1293 3110 reputet
1316 3049 1355 3090 ne
1371 3029 1413 3091 ab

243 3286 266 3351 1)
283 3286 362 3351 Apud
389 3286 469 3335 Clem.
497 3286 571 3335 Alex.
595 3293 673 3349 protr.
699 3287 749 3342 ΙΙΙ,
772 3299 807 3347 44
833 3283 936 3351 (Dind.)
971 3287 1074 3351 Merops
1103 3286 1168 3336 inter
1195 3301 1239 3335 eos
1269 3293 1413 3336 numeratur

192 3375 200 3421 i
236 3373 291 3421 rimi
309 3372 342 3420 ad
361 3371 423 3420 deos
441 3371 546 3419 omnino
564 3370 687 3419 colendos
705 3370 820 3419 homines
838 3371 998 3420 adduxerint.

157 3390 190 3438 qu
217 3389 265 3522 p¹)
284 3457 375 3506 Totius
398 3457 433 3505 rei
455 3456 556 3521 singula
578 3455 695 3505 evolvere
718 3465 868 3520 argumenta
888 3456 929 3506 hic
951 3457 1058 3520 longum
1078 3466 1124 3506 est.
1160 3457 1277 3506 Ceterum
1295 3456 1413 3522 inspicias

156 3545 188 3593 de
211 3543 280 3593 lovis
303 3542 462 3592 incunabulis
485 3543 724 3590 commentationem
748 3540 918 3590 Schoemanni
943 3538 1042 3606 (opusc.
1068 3540 1102 3598 Il,
1130 3539 1277 3606 aso-263)
1299 3549 1324 3591 et
1348 3556 1413 3606 quae

156 3629 189 3678 de
207 3628 337 3678 Arcadicis
348 3628 436 3677 Rheae
453 3628 530 3677 sacris
548 3627 688 3692 fabulisque
706 3626 812 3691 protulit
824 3626 1026 3676 Immerwahrius
1039 3624 1134 3691 (Bonn.
1147 3626 1220 3677 stud.
1235 3644 1260 3692 p.
1276 3627 1323 3676 188
1336 3626 1412 3692 sqq.).

241 3710 264 3778 ⁸)
284 3714 344 3762 Non
368 3713 484 3762 omittam
501 3729 584 3763 rerum
604 3721 763 3774 concentum,
789 3721 817 3761 ut
835 3712 936 3777 opinor,
957 3712 1026 3760 haud
1044 3712 1184 3769 fortuitum,
1205 3712 1274 3777 quod
1295 3711 1321 3760 in
1340 3710 1411 3776 Epiri

155 3799 346 3864 septentrionali
364 3808 434 3864 parte
453 3807 478 3849 et
497 3799 566 3847 Iovis
584 3814 655 3848 sacra
672 3797 809 3847 clarissima
826 3806 852 3847 et
869 3798 1002 3863 Meropum
1021 3797 1126 3862 vestigia
1144 3798 1308 3863 reperiuntur.

241 3881 265 3948 ⁴)
284 3884 424 3949 Perdignus
441 3893 479 3934 est
496 3884 539 3949 qui
557 3884 691 3932 adnotetur
708 3883 780 3932 locus
797 3883 823 3932 in
842 3883 880 3932 Co
898 3883 980 3932 insula
996 3877 1163 3954 Ἀμφιαρηΐς
1175 3883 1268 3946 (Paron
1281 3889 1306 3930 et
1320 3880 1408 3940 Hicks,

155 3970 266 4035 inscript.
291 3969 321 4018 oi
340 3970 390 4019 Cos
412 3986 450 4020 nr.
468 3983 510 4031 40,
532 3968 573 4034 a);
602 3969 684 4018 forma
710 3968 820 4018 nominis
846 3984 898 4017 non
925 3967 1026 4030 Ionica,
1051 3968 1095 4018 sed
1122 3969 1222 4034 proprie
1249 3967 1346 4017 Graeca
1371 3975 1410 4016 est

155 4054 280 4120 (Bechtel.
301 4055 387 4105 Goett
406 4055 502 4104 Nachr.
524 4055 590 4118 1890
608 4072 633 4120 p.
652 4052 706 4118 33).

241 4136 265 4205 Ι)
284 4140 346 4188 Elea
365 4141 439 4203 Clytii
457 4149 536 4190 mater
553 4149 590 4190 est
608 4139 730 4205 Triphyle
748 4137 849 4205 (Steph.
867 4141 927 4204 Byz.
946 4155 965 4189 s.
984 4157 1008 4189 v.
1027 4137 1187 4209 Τριφυλία).

241 4223 265 4291 ⁰)
284 4225 323 4276 Cf.
342 4225 491 4291 Euripideae
509 4227 609 4275 fabulae
627 4225 726 4274 titulum
742 4219 900 4292 Ἀλκμαίων
916 4219 931 4274 ὁ
952 4219 1000 4277 διὰ
1022 4223 1165 4294 Ψωφῖδος.
