3142 4986
678 327 980 392 -15—.

152 487 313 569 quosdam
344 495 376 547 et
406 483 555 546 heroinas
584 482 626 544 ab
655 481 731 563 ipsis
762 483 831 544 deis
854 482 968 544 ductos
991 503 1092 564 saepe
1115 483 1147 544 in
1168 480 1284 544 fabulis
1305 481 1414 544 adver·

153 601 255 663 sarios
271 599 317 660 eis
333 597 464 678 opponi.
495 593 596 656 Velut
612 593 644 656 in
655 593 725 675 ipsa
737 591 1007 674 Gigantomachia
1020 592 1166 655 Minerva
1180 585 1416 677 <'Eyua'iadoc.·

154 709 298 790 Hesych.
323 727 348 769 s.
371 704 424 783 v.)
439 704 603 767 contendit
634 724 708 766 cum
734 702 899 766 Encelado
921 702 1078 784 Gigante;
1108 724 1167 767 nec
1198 704 1289 766 aliter
1310 703 1414 766 Diana

153 820 273 900 sagitta
303 815 447 900 perforat
470 813 614 888 callisto,
645 823 678 877 et
708 834 792 895 quae
818 824 892 877 sunt
919 813 1040 878 similia.
1088 814 1220 877 Minime
1242 815 1338 896 igitur
1359 815 1413 877 ob·

154 939 219 993 stat
241 930 302 991 ista
324 947 385 1001 res,
409 927 510 990 immo
532 923 701 988 confirmat
723 945 807 1006 quae
829 926 1042 988 demonstrari
1063 925 1175 988 velim:
1200 924 1305 990 Coum
1321 925 1414 1008 Poly·

154 1040 267 1103 botam
307 1047 374 1101 tam
419 1037 517 1099 deum
561 1035 748 1118 Neptunum
794 1056 892 1117 quam
933 1035 1241 1118 Peloponnesiacum
1281 1037 1414 1099 heroem

156 1152 273 1214 Butam
283 1149 309 1230 ¹)
333 1147 507 1229 complecti
516 1147 551 1228 ⁹).

239 1263 273 1344 4)
296 1260 467 1324 Habemus
489 1259 574 1321 hunc
596 1257 723 1321 titulum
743 1256 848 1320 Coum
870 1259 967 1321 tertio
990 1256 1128 1321 fortasse
1149 1279 1177 1320 a.
1195 1256 1270 1321 Chr.
1286 1258 1415 1321 saeculo

155 1373 320 1436 conditum
344 1371 453 1453 (Ross.
473 1369 500 1452 J.
525 1367 564 1432 G.
583 1368 610 1450 J.
632 1367 678 1430 111
700 1388 746 1433 nr.
773 1384 850 1449 309;
873 1368 977 1432 Paton
999 1378 1032 1432 et
1055 1369 1157 1432 Hicks
1180 1390 1226 1436 nr.
1247 1371 1321 1450 349)
1344 1363 1416 1452 ἱερὰ

155 1475 177 1547 oi
207 1485 250 1569 γᾶ
279 1481 338 1548 καὶ
368 1474 391 1546 ἆ
416 1476 509 1547 οἰκία
531 1471 553 1543 oi
576 1475 636 1544 ἐπὶ
657 1480 700 1566 τᾷ
722 1481 765 1566 γᾷ
786 1477 845 1545 καὶ
866 1478 920 1546 τοὶ
940 1481 1049 1546 aanor
1072 1479 1131 1546 καὶ
1152 1478 1208 1545 ταὶ
1231 1475 1339 1546 οἰκίαι
1359 1477 1415 1544 roi

156 1591 216 1661 ἐπὶ
253 1597 319 1660 τῶν
357 1589 476 1659 κόπων
511 1590 603 1656 ΘεῶνΙ
635 1583 795 1656 Δυώδεκα
830 1589 888 1656 καὶ
920 1584 1152 1676 Χαρμύλου
1185 1582 1322 1678 ἥρωος
1352 1592 1416 1655 τῶν

157 1703 373 1792 Χαρμυλέων.
420 1703 475 1765 Ab
498 1703 560 1765 isto
583 1701 681 1765 heroe
704 1700 881 1783 Charmylo
904 1723 968 1764 non
991 1703 1092 1765 modo
1115 1703 1180 1768 τῶν
1202 1699 1414 1788 Χαρμὺλέων,

157 1818 306 1879 nimirum
336 1815 442 1895 gentis
465 1813 516 1876 vel
539 1813 637 1887 demi,
668 1815 801 1876 ductum
824 1824 874 1876 est
896 1833 1030 1888 nomen,
1054 1814 1231 1876 sedetiam
1254 1816 1321 1877 eius
1343 1813 1415 1886 loci,

158 1926 212 1988 ubi
232 1923 344 1988 titulus
368 1933 515 2006 repertus
535 1933 593 2000 est,
623 1924 705 1987 inter
726 1924 968 1988 Antimachiam
990 1935 1022 1988 et
1046 1924 1117 1988 Con
1139 1929 1251 1987 urbem
1277 1925 1336 1999 siti,
1362 1925 1416 2004 qui

158 2037 255 2099 etiam
286 2045 398 2098 nostra
427 2043 533 2098 aetate
561 2033 786 2118 ‘Charmyli'⁸)
816 2046 967 2112 vocatur;
999 2055 1060 2097 nec
1082 2036 1187 2098 minus
1213 2034 1415 2117 hominum4)

159 2147 361 2230 quorundam
390 2147 521 2209 nomina
543 2147 584 2208 ad
607 2166 682 2208 eum
704 2147 875 2227 pertinent.
918 2147 1050 2208 Fabulis
1072 2167 1149 2209 vero
1172 2147 1329 2209 memoria
1349 2148 1417 2208 eius

158 2277 223 2320 non
253 2266 303 2321 est
333 2258 473 2339 prodita.
517 2256 644 2319 Tamen
674 2256 777 2337 qualis
807 2255 901 2319 luerit
929 2257 1026 2320 heros
1055 2258 1081 2320 si
1110 2258 1181 2339 quis
1210 2257 1355 2337 inquiret,
1388 2257 1416 2318 ei

157 2369 300 2452 inprimis
327 2371 502 2433 tenendum
533 2380 582 2431 est
613 2387 732 2431 nomen
754 2366 966 2449 Charmylum
989 2368 1228 2451 hypocoristice
1250 2387 1321 2430 esse
1343 2387 1416 2429 con·

158 2479 333 2544 formatum
356 2501 463 2562 neque
485 2481 529 2542 ita
545 2480 631 2542 aliud
647 2479 819 2561 quicquam
835 2477 1015 2562 significare
1030 2499 1128 2560 quam
1143 2480 1169 2541 si
1186 2499 1270 2562 quae
1284 2478 1417 2561 stirpem

158 2615 245 2675 χαρμ
262 2629 301 2640 -
318 2610 511 2673 quacunque
535 2592 657 2653 ratione
679 2592 863 2654 terminant:
895 2592 968 2654 dico
995 2611 1070 2653 eum
1097 2591 1151 2671 qui
1178 2589 1326 2653 delectat.
1363 2589 1417 2652 Vi·

159 2703 249 2764 debis
281 2723 346 2783 quo
377 2704 519 2769 tendam.
565 2702 689 2784 Jupiter
718 2704 911 2783 cognomine
941 2701 1105 2765 Charmon
1135 2701 1302 2765 colebatur
1331 2702 1418 2784 apud

160 2813 360 2874 Mantineam
397 2812 559 2876 Arcadiae
597 2812 700 2893 (Paus.
730 2812 818 2887 VIII,
854 2828 900 2887 12,
929 2810 967 2894 ι’).
1026 2812 1184 2875 Charmas
1221 2825 1290 2875 erat
1326 2821 1419 2894 pater

161 2922 303 2984 Euandri
326 2922 440 3002 (schol.
461 2924 596 3004 Dionys.
612 2924 731 3004 perieg.
755 2925 827 3003 348)
843 2923 995 2987 Arcadici
1017 2924 1133 3000 herois,
1158 2944 1256 3006 quem
1274 2923 1419 2986 Pallantii

161 3033 244 3094 inter
277 3031 510 3113 Megalopolim
548 3044 580 3096 et
612 3033 758 3114 Tegeam
796 3036 906 3097 sedem
939 3037 1080 3098 tenuisse
1114 3035 1259 3117 plerique
1289 3035 1419 3098 tradunt

161 3143 266 3225 (Paus.
291 3143 380 3218 V111,
405 3161 457 3221 44,
483 3158 517 3223 5;
548 3145 622 3225 alii).
666 3145 709 3207 Et
732 3143 891 3208 Charmae
921 3146 1031 3209 subest
1058 3166 1185 3209 numen.
1231 3145 1315 3208 Nam
1337 3145 1418 3209 Mer-

247 3399 271 3466 ¹)
291 3401 364 3452 Ultro
386 3402 587 3453 commonefacio
604 3403 672 3454 hunc
689 3404 765 3453 etiam
782 3405 873 3454 Botam
893 3405 1019 3455 nominari
1036 3402 1073 3471 (p.
1097 3419 1135 3469 13,
1157 3404 1195 3469 6),
1233 3407 1267 3457 ci.
1286 3399 1417 3472 συβώτης.

161 3486 301 3551 Polybotes
322 3485 371 3551 (sic
392 3503 491 3552 semper
508 3485 624 3553 vocatus)
639 3489 673 3537 ad
685 3490 776 3539 Botam
794 3489 858 3539 sicut
870 3491 935 3540 Eteo
949 3486 1222 3557 (Peri)-clymene(us):
1243 3489 1419 3557 Clymene(us)

164 3569 234 3633 (vide
251 3590 277 3638 p.
296 3574 329 3637 36
349 3573 419 3638 sq.);
441 3589 518 3639 porro
536 3573 650 3623 conseras
668 3575 804 3624 Maassium
822 3575 911 3626 Herm.
932 3576 1035 3633 xxm,
1056 3577 1115 3626 621.

248 3656 271 3721 ἰ)
289 3660 445 3710 Boehlavius
464 3657 492 3722 (l.
508 3660 527 3709 1.
543 3676 569 3725 p.
585 3671 641 3721 127¹
664 3658 689 3721 7)
709 3659 775 3709 hanc
792 3660 873 3727 ipsam
890 3677 943 3710 rem
961 3661 1030 3709 hisce
1047 3662 1129 3711 verbis
1147 3661 1243 3726 attigit:
1274 3661 1421 3712 ‘Vielleicht

164 3740 195 3788 ist
216 3745 281 3792 auch
307 3745 352 3794 der
371 3746 470 3810 Gigant
488 3747 631 3810 Polybotes,
658 3747 703 3794 der
721 3747 799 3796 ‘Herr
822 3745 901 3795 vieler
918 3746 1025 3795 Rinder’
1044 3747 1097 3794 und
1121 3748 1160 3796 ein
1182 3746 1245 3795 alter
1268 3747 1422 3811 Meeresgott

164 3825 248 3890 gleich
267 3829 325 3879 dem
342 3833 430 3883 Butes.
468 3833 542 3881 Dazu
560 3833 646 3881 wflrde
663 3831 731 3881 seine
749 3832 842 3882 Flucht
860 3832 939 3881 durch
958 3831 1004 3879 das
1025 3831 1095 3880 Meer
1112 3847 1224 3895 passernr

251 3908 274 3976 8)
293 3915 359 3964 Vide
380 3917 498 3965 RossIum
516 3917 535 3966 l.
555 3916 585 3975 l.;
607 3917 728 3966 Patonius
746 3917 833 3966 tribuit
850 3917 926 3967 demo
945 3915 1059 3966 Halenti.

251 3994 274 4061 ⁴)
295 3997 407 4050 Coorurn
425 4002 495 4050 haud
513 4018 594 4066 pauca
612 4003 715 4052 nomina
734 4002 819 4051 videas
837 4003 863 4050 in
877 4002 975 4051 Patonii
993 4001 1045 4051 ind.
1064 4019 1089 4066 p.
1103 4001 1165 4064 38&
1187 4018 1263 4066 porro
1278 4013 1419 4063 occurrunt,

166 4097 216 4146 qua
241 4099 267 4130 re
290 4083 374 4134 herois
399 4102 470 4136 sacra
495 4088 521 4136 in
545 4088 642 4138 vicinos
665 4089 736 4138 locos
760 4095 901 4153 propagata
925 4104 978 4136 esse
996 4088 1130 4136 evincitur:
1161 4087 1256 4136 Rhodii
1275 4088 1422 4153 Charmylus

167 4167 324 4232 Charmylias
343 4167 420 4232 (buli.
439 4173 471 4222 de
489 4190 552 4223 corr.
571 4174 644 4233 XIV,
665 4173 715 4236 278
732 4189 786 4238 sq.;
808 4175 842 4232 X,
858 4185 917 4237 255,
932 4170 1008 4238 258);
1029 4173 1256 4222 Halicamassensis
1275 4173 1424 4239 Charmylus

167 4251 207 4317 (C.
227 4255 248 4303 l.
268 4253 301 4304 G.
326 4271 365 4305 nr.
384 4256 472 4321 2656).
