3142 4986
709 260 921 322 ..26-

275 430 326 492 De
347 430 518 510 Antagora
547 428 624 491 nihil
652 449 750 510 porro
781 439 986 510 compertum
1010 430 1210 509 habemus1).
1257 427 1459 493 Chalcodon

190 560 268 602 vero
291 539 434 621 pluribus
456 542 640 602 tractandus
663 549 722 604 est.

276 651 363 713 Inter
384 671 498 713 omnes
519 660 645 713 constat
666 650 831 713 Euboicus
852 651 1053 726 Chalcodon‚
1085 653 1138 732 qui
1161 653 1242 714 sicut
1262 660 1355 733 pater
1377 651 1456 714 Ele-

191 761 343 844 phenoris
364 771 423 839 est,
445 763 613 825 Abantum
635 763 688 843 qui
706 762 826 825 Troico
849 763 937 825 bello
959 762 1167 825 interfuerunt
1189 762 1288 835 ducis,
1311 763 1356 824 ita
1379 763 1456 844 ipse

190 873 330 936 Abantis
359 873 465 936 herois
495 871 578 935 filius
608 883 744 937 vocatur
752 873 788 954 2).
840 873 991 936 Abantes
1020 883 1128 936 autem
1157 873 1334 936 Aristotele
1364 882 1456 937 teste

192 985 289 1067 (apud
311 984 461 1049 Strabon.
483 985 524 1058 X,
540 987 617 1064 445)
641 984 779 1046 Thracia
801 995 898 1066 gente
922 986 987 1046 nati
1002 984 1096 1062 Abis,
1118 983 1267 1047 Phocidis
1289 1004 1332 1046 ex
1357 984 1453 1060 urbe,

191 1097 223 1158 in
244 1096 413 1159 Euboeam
442 1097 649 1172 transierunt;
681 1096 723 1157 ibi
753 1096 836 1157 circa
859 1094 1045 1158 Chalcidem
1068 1097 1272 1177 potissimum
1295 1116 1352 1158 eos
1374 1117 1454 1159 con·

191 1209 311 1270 sedisse
336 1209 455 1270 haecce
483 1208 600 1269 indicio
630 1216 714 1269 sunt.
770 1207 910 1269 Primum
943 1209 1029 1269 enim
1058 1205 1218 1269 Chalcidis
1248 1216 1317 1270 erat
1345 1207 1454 1271 tribus

192 1341 288 1403 quam
309 1328 427 1382 vocant
441 1312 602 1403 Ἀβαντὶς,
627 1338 711 1398 quae
733 1319 830 1381 etiam
852 1320 1084 1400 imperatorum
1099 1318 1322 1380 Romanorum
1341 1328 1454 1382 aetate

191 1430 428 1511 retinebatur³).
482 1430 608 1491 Deinde
641 1450 725 1509 quae
754 1429 893 1493 Abantis
925 1430 1032 1492 herois
1062 1429 1217 1510 eponymi
1246 1449 1265 1490 e
1293 1428 1453 1510 Neptuno

192 1552 294 1605 mater
324 1540 506 1623 appellatur
535 1541 748 1622 Arethusa4),
780 1543 918 1623 pertinet
946 1542 987 1602 ad
1010 1539 1133 1602 iontem
1156 1538 1451 1622 Chalcidensemt).

190 1652 383 1715 Extremum
400 1651 599 1715 Abantiades
624 1654 677 1731 qui
700 1662 834 1714 vocatur
849 1651 1014 1715 Canethus
1037 1672 1056 1714 a
1079 1660 1189 1714 monte
1205 1671 1309 1733 prope
1325 1650 1452 1714 Chalci-

191 1763 267 1826 dem
294 1764 356 1826 sito
386 1783 504 1824 nomen
532 1764 655 1844 accepit
665 1764 699 1844 8).
744 1764 793 1825 Ita
816 1765 911 1844 igitur
934 1762 1124 1826 Chalcodon
1145 1762 1239 1825 Abas
1262 1765 1302 1825 ad
1326 1761 1452 1826 Chalci·

192 1874 267 1936 dem
296 1874 408 1936 urbem
438 1875 577 1952 accedit,
609 1885 644 1937 ut
672 1874 787 1940 faciam
809 1896 882 1938 cum
904 1876 978 1937 viris
1001 1875 1105 1937 doctis
1128 1875 1181 1954 qui
1205 1895 1278 1937 eum
1302 1894 1367 1936 non
1390 1876 1453 1938 nisi

192 2005 392 2068 eponymum
415 1983 574 2048 Chalcidis
596 1984 731 2048 heroem
754 2006 825 2048 esse
849 1987 1083 2048 contenderunt
1093 1987 1128 2066 l).

277 2096 440 2159 Euboicus
462 2097 488 2158 is
510 2098 627 2159 diserte
650 2097 832 2178 appellatur
845 2096 1043 2169 Chalcodon‚
1068 2097 1157 2159 cuius
1180 2096 1451 2159 aThebanorum

106 2266 110 2272 .
192 2229 268 2291 rege
298 2207 540 2289 Amphitryone
573 2209 669 2270 occisi
702 2207 886 2290 sepulcrum
915 2208 1146 2270 ostendebatur
1175 2209 1216 2270 ad
1246 2208 1332 2269 viam
1363 2227 1451 2288 quae

191 2316 313 2384 Thebis
349 2340 408 2401 per
444 2319 658 2382 Teumessum
692 2319 831 2382 ducebat
868 2318 1054 2381 Chalcidem
1064 2320 1099 2399 8).
1159 2319 1323 2381 Locorum
1360 2339 1448 2383 nexu

192 2451 275 2512 quae
297 2430 421 2492 subsint
443 2450 495 2492 res
517 2430 608 2493 facile
627 2431 821 2510 intellegitur
830 2432 866 2510 ⁹).

277 2670 301 2735 1)
320 2673 361 2720 Ab
379 2687 410 2720 eo
428 2671 527 2720 nobiles
545 2679 633 2734 gentes
651 2671 718 2719 Coos
737 2685 817 2734 genus
836 2670 937 2719 duxisse
954 2671 1060 2720 traditur
1080 2673 1105 2721 in
1124 2673 1203 2722 schol.
1222 2672 1410 2732 Theocr.V11‚
1426 2683 1451 2737 5.

192 2755 314 2806 Conferas
337 2756 369 2804 sis
388 2758 546 2820 Antagoram
566 2755 649 2804 Coum
667 2763 764 2821 patrem
782 2755 956 2819 Hegetoridis‚
981 2757 1025 2820 qui
1043 2757 1182 2808 Pausaniae
1200 2758 1265 2822 regis
1283 2758 1377 2822 hospes
1395 2766 1451 2808 erat

190 2841 327 2903 (Herodot.
345 2842 393 2899 IX,
415 2840 447 2902 76
466 2861 500 2880 =
520 2841 592 2889 Paus.
613 2841 663 2899 111,
683 2854 710 2901 4,
730 2840 763 2904 9).

277 2923 300 2990 Β)
319 2926 351 2975 ll.
372 2927 408 2984 ΙΙ,
430 2925 492 2992 536;
511 2926 592 2975 schol.
612 2935 637 2976 et
655 2927 772 2977 Eustath.
792 2928 825 2976 ad
843 2928 875 2986 1.;
896 2928 977 2979 schol.
995 2929 1124 2993 Lycophr.
1147 2942 1222 2993 1034.

277 3009 300 3077 ⁸)
320 3014 352 3062 V.
372 3013 473 3062 titulum
490 3013 560 3077 apud
577 3013 614 3065 Le
635 3013 692 3071 Bas,
713 3029 770 3075 voy.
788 3015 857 3063 arch.
877 3031 916 3065 nr.
940 3014 1014 3079 1587.

275 3095 300 3162 4)
318 3098 406 3164 Steph.
425 3099 485 3162 Byz.
505 3113 525 3147 s.
546 3115 570 3146 v.
589 3093 722 3162 Ἀβαντίς.

276 3178 300 3247 ⁶)
319 3183 405 3248 Eurip.
425 3184 510 3249 Iphig.
530 3184 592 3234 Aul.
616 3195 679 3246 170;
700 3184 791 3233 Strabo
811 3186 832 3245 l,
855 3185 901 3249 58;
925 3187 959 3244 X,
979 3199 1040 3248 449.

277 3264 300 3332 θ)
319 3268 444 3334 Apollon.
464 3270 516 3319 Rh.
537 3271 557 3327 Ι,
584 3282 615 3332 77
634 3285 691 3334 sqq.
709 3278 734 3318 et
753 3269 842 3329 schol..
863 3271 954 3320 Strabo
973 3272 1006 3331 X,
1026 3284 1086 3332 447.

277 3348 300 3416 Ι)
318 3354 441 3404 Maassius
460 3356 561 3419 (Herm.
588 3356 695 3413 ΧΧΙΙΙ,
721 3354 791 3418 620).
820 3356 971 3421 Toepfferus
994 3353 1059 3421 (Att.
1085 3356 1150 3406 Gen.
1175 3373 1200 3421 p.
1222 3352 1295 3420 163),
1323 3350 1444 3401 Pitonius

191 3439 265 3488 inser.
291 3455 318 3502 p.
339 3450 398 3503 345.
440 3440 551 3498 Nomen,
576 3442 645 3505 quod
668 3448 735 3490 certe
758 3440 883 3490 immerito
907 3440 1071 3506 Tuempelius
1097 3439 1231 3504 (Fleckeis.
1253 3438 1338 3506 Jahrb.
1359 3436 1444 3501 suppl.

193 3524 265 3582 XVI,
286 3522 347 3588 211)
370 3525 403 3574 ad
426 3526 530 3575 eosdem
554 3531 669 3576 ‘aeneos’
693 3527 814 3591 serpentis
837 3526 934 3583 dentes,
962 3527 1029 3576 unde
1052 3527 1136 3591 Sparti
1156 3526 1276 3576 Thebani
1295 3522 1343 3573 orti
1362 3529 1447 3572 essent

191 3609 294 3669 rettulit,
315 3610 458 3674 nuperrime
476 3611 599 3661 Mnassius
618 3610 683 3676 (ind.
702 3613 782 3662 schol.
802 3612 899 3663 hibern.
918 3612 1018 3677 Gryph.
1036 3611 1108 3673 1891,
1129 3629 1154 3677 p.
1170 3611 1212 3676 η)
1232 3605 1448 3663 emko-otuu

191 3695 271 3745 duxit.

276 3777 300 3844 ⁸)
319 3781 393 3830 Paus.
416 3782 461 3839 ΙΧ,
484 3794 523 3842 19,
543 3795 572 3845 3;
594 3785 625 3833 cl.
644 3784 769 3834 Plutarch.
788 3792 865 3833 amat.
885 3800 951 3834 narr.
970 3784 1020 3832 III.

277 3862 300 3930 9)
320 3865 448 3930 Quoniam
472 3867 578 3917 Euboea
605 3869 666 3919 olim
690 3869 818 3934 Aegyptia
842 3878 932 3919 vocata
954 3877 992 3917 est
1015 3866 1051 3930 (v.
1073 3869 1212 3917 Maassium
1236 3869 1262 3916 in
1285 3866 1340 3916 ind.
1364 3865 1446 3914 schol.

191 3951 290 4000 hibern.
317 3950 417 4016 Grypb.
447 3952 512 4014 1890
536 3970 561 4018 p.
580 3953 633 4017 22),
666 3954 768 4004 minime
800 3955 830 4003 sit
860 3955 972 4019 ineptum
999 3952 1110 4017 Aegypti
1137 3953 1217 4002 filium
1245 3951 1449 4002 Chalcodontem

191 4035 326 4102 (Apollod.
347 4036 383 4095 ΙΙ,
409 4050 431 4096 1,
453 4036 479 4102 5)
501 4046 589 4103 putare
612 4039 764 4100 Euboicum,
789 4040 935 4104 praesertim
957 4053 1017 4087 cum
1039 4037 1115 4089 etiam
1139 4038 1200 4088 alter
1220 4039 1289 4088 Abas
1307 4036 1447 4094 Euboicus.

192 4122 321 4180 Canthus,
347 4122 373 4171 in
398 4123 489 4172 eodem
515 4125 626 4190 Aegypti
651 4124 760 4176 liliorum
784 4141 889 4186 nurnero
914 4124 1038 4175 habeatur
1062 4120 1171 4188 (Hygin.
1191 4123 1243 4174 fab.
1268 4134 1330 4185 170;
1356 4121 1447 4187 Apoll.

191 4207 279 4256 Rhod.
300 4209 320 4265 Ι,
344 4217 374 4269 77
393 4207 471 4274 sqq.).
509 4210 606 4259 Tamen
625 4225 713 4275 parum
732 4217 800 4259 certa
817 4226 856 4259 res
873 4219 917 4269 est,
942 4225 997 4259 curn
1016 4217 1084 4258 totus
1103 4209 1205 4258 illorum
1223 4209 1300 4267 orbis,
1326 4207 1408 4271 qualis
1426 4223 1448 4258 e.
