3142 4986
181 443 215 496 at
243 435 337 498 valde
366 435 490 497 adridet
519 424 701 499 coniectura
725 436 882 518 Meropen
905 435 1019 500 Chiam
1049 438 1177 519 proprie
1198 458 1269 500 esse
1292 437 1433 501 Atlantis

181 545 295 622 filiam,
334 546 475 610 fabulam
509 567 586 609 vero
615 549 657 610 de
684 569 723 610 ea
753 546 937 628 Orioneque
967 547 1018 610 vel
1045 549 1077 611 in
1106 549 1243 612 Boeotia
1271 559 1432 613 narratam

182 658 278 720 luisse
308 666 405 738 atque
434 680 454 720 a
482 658 614 721 Boeotis
644 660 675 722 in
697 660 838 722 mediam
862 660 962 722 Asiae
984 681 1075 723 oram
1099 662 1433 743 transmigrantibus1)

183 769 341 850 perlatam
364 791 434 832 esse
457 770 488 831 in
510 769 626 832 Chium
648 771 784 832 insulam
792 771 826 851 2).

267 880 358 942 Haec
388 881 496 944 omnia
517 882 669 963 Meropes
699 881 834 962 vestigia
859 881 886 942 si
908 889 993 944 recte
1016 883 1124 945 iuncta
1146 893 1228 957 sunt,
1259 883 1345 953 haud
1366 884 1433 946 scio

183 1011 224 1053 an
247 992 372 1054 adnecti
388 994 512 1074 possint
526 993 636 1055 Attica
653 1002 685 1055 et
703 992 837 1078 Merope
852 991 916 1054 filia
931 992 1113 1067 Erechthei,
1135 1003 1238 1055 mater
1253 993 1389 1056 Daedali
1396 993 1433 1074 3),

185 1111 217 1165 et
238 1102 451 1185 Pammerope
474 1102 561 1166 Celei
584 1103 648 1166 filia
663 1102 858 1184 Eleusinii4).
904 1102 986 1166 Sunt
1008 1105 1092 1165 enim
1116 1104 1196 1166 aliae
1220 1103 1346 1167 fabulae
1369 1125 1433 1167 non

184 1234 320 1295 paucae,
353 1235 488 1294 quarum
516 1235 602 1277 nexu
632 1224 719 1277 certe
745 1214 975 1295 comprobatur
1004 1214 1151 1277 Atticam
1181 1215 1262 1277 inter
1291 1226 1324 1277 et
1345 1216 1433 1278 Pelo-

183 1327 318 1407 ponnesi
340 1347 423 1406 quos
445 1327 510 1388 dixi
534 1326 624 1388 locos
645 1324 822 1388 interfuisse
837 1326 914 1388 olim
931 1327 1196 1388 necessitudinem
1211 1326 1385 1390 incolarum
1395 1329 1432 1407 ὅ).

182 1435 267 1499 Huic
290 1437 386 1518 igitur
407 1435 478 1498 illas
501 1457 630 1518 quoque
653 1459 703 1499 res
725 1439 882 1500 vindicare
906 1438 1064 1520 quispiam
1086 1446 1211 1519 potest;
1235 1447 1433 1501 tamencum

183 1547 301 1609 Atticis
331 1549 461 1627 quidem
491 1549 628 1610 heroinis
657 1550 808 1610 certiores
838 1550 967 1630 originis
996 1559 1092 1611 notae
1114 1549 1218 1611 desint
1226 1551 1262 1631 ὅ),
1292 1550 1433 1612 stabilire

182 1678 248 1719 rem
272 1678 336 1721 non
359 1658 441 1722 licet.

266 1770 420 1832 Incertior
441 1771 538 1832 etiam
560 1791 610 1832 res
633 1780 682 1833 est
704 1771 745 1833 de
767 1771 868 1832 insula
894 1769 1026 1851 Siphno,
1053 1791 1136 1851 quae
1159 1782 1292 1853 propter
1315 1793 1432 1854 cogno·

183 1901 257 1943 men
279 1875 425 1965 Μερόπη
447 1879 609 1966 Maeonio
630 1882 693 1944 huc
715 1881 832 1963 facitI).

266 1993 534 2056 Enumeravimus
564 1993 688 2074 singula
718 1993 890 2074 Meropum
920 1994 1070 2073 vestigia;
1101 1995 1236 2057 vidimus
1263 1994 1360 2055 etiam
1383 2015 1432 2055 co-

86 2136 91 2146 ·
182 2105 314 2168 haerere
343 2107 424 2167 inter
453 2127 487 2168 se
516 2126 599 2185 quae
622 2105 928 2186 Peloponnesiorum
950 2105 1149 2168 Boeotorum
1176 2114 1264 2167 sunt:
1294 2105 1358 2167 iam
1381 2105 1433 2166 ad·

182 2218 296 2278 damus
326 2217 402 2295 quid
431 2217 471 2278 de
500 2218 613 2279 ceteris
642 2217 845 2279 iudicandum
883 2217 975 2279 nobis
1007 2217 1160 2278 videatur.
1213 2217 1265 2278 Ac
1294 2217 1433 2297 primum

181 2327 267 2390 haud
296 2329 404 2409 exigui
433 2328 589 2390 momenti
618 2338 668 2391 est
698 2330 786 2409 quod
813 2328 902 2410 Epiri
931 2326 1188 2409 septentrionalis
1210 2327 1432 2389 Macedoniae·

182 2459 245 2519 que
275 2460 349 2520 pars
378 2459 452 2500 cum
476 2439 617 2502 Arcadia
647 2439 849 2520 potissimum
873 2436 1075 2500 multifariam
1097 2458 1135 2499 ac
1158 2436 1325 2499 manifeste
1348 2439 1432 2500 colli-

183 2559 259 2629 gata
286 2551 378 2628 est8).
423 2550 472 2611 Ita
502 2552 586 2612 enim
616 2571 689 2610 cum
720 2550 833 2610 harum
863 2551 1029 2626 regionum
1057 2569 1096 2610 ne
1119 2548 1272 2630 Meropes
1302 2550 1432 2631 quidem

267 2718 289 2786 1)
308 2721 348 2771 Cf.
368 2721 475 2770 maxime
493 2723 566 2772 Paus.
585 2724 731 2785 V11‚2‚3;
751 2723 852 2772 Herod.
868 2723 889 2779 Ι,
910 2722 965 2782 146.
1000 2721 1072 2770 Ultro
1090 2721 1124 2769 ad
1142 2721 1289 2770 Boeoticum
1308 2722 1433 2786 oppidum

183 2808 349 2872 Mycalessum
378 2815 474 2871 spectat
501 2808 617 2856 Ionicum
641 2808 842 2872 promontorium
868 2800 1058 2871 Μυκάλησσος
1082 2803 1181 2871 (Steph.
1204 2807 1276 2868 Byz„
1292 2824 1313 2856 s.
1339 2806 1374 2871 v.)
1393 2808 1434 2856 vel

181 2887 314 2957 Μυκάλη.
1021 2941 1023 2945 ⁴

267 2976 290 3043 ²)
309 2979 432 3042 Hyrieum
459 2979 484 3026 in
511 2979 575 3028 Chio
601 2979 682 3028 insula
713 2979 848 3028 collocavit
875 2979 998 3027 Pindarus
1028 2975 1071 3040 (cf.
1090 2977 1186 3042 Hygia.
1208 2988 1301 3029 astron.
1322 2980 1358 3036 ΙΙ,
1379 2977 1433 3042 34).

184 3065 268 3114 Etiam
286 3065 307 3112 is
325 3064 368 3128 qui
386 3063 411 3111 in
431 3063 496 3112 Chio
510 3064 628 3126 Meropes
646 3072 717 3128 pater
734 3072 773 3112 est
785 3063 921 3127 Oenopion
935 3061 1000 3111 filius
1011 3061 1113 3116 Bacchi,
1133 3065 1254 3126 quoniam
1269 3080 1326 3112 cum
1339 3064 1435 3112 Orione

184 3150 344 3200 contendens
366 3149 457 3199 marini
479 3149 571 3198 Bacchi
594 3149 729 3213 imaginem
752 3149 876 3213 exprimit,
903 3165 933 3197 ex
952 3148 1041 3213 Euripi
1059 3164 1112 3206 ora,
1141 3148 1215 3197 huius
1237 3149 1278 3197 dei
1301 3148 1437 3213 praecipua

184 3236 243 3284 sede
263 3235 305 3298 (cs.
325 3235 476 3284 Maassium:
498 3234 585 3282 Herm.
605 3235 705 3293 XXIII,
728 3233 781 3296 77),
802 3234 925 3296 originem
944 3232 1079 3298 sumpsisse
1096 3233 1204 3296 cuipiam
1222 3233 1345 3282 videatur.

269 3318 293 3384 ⁸)
312 3320 439 3368 Plutarch.
458 3319 535 3368 Thes.
557 3333 596 3382 19.

268 3404 292 3469 ⁴)
312 3406 385 3454 Paus.
407 3407 429 3462 1,
450 3404 492 3468 38,
512 3419 536 3468 3.

269 3488 292 3555 ὓ)
312 3491 378 3539 Vide
397 3490 429 3540 G.
448 3489 581 3537 Kirchneri
599 3489 694 3538 ‘Attica
715 3497 740 3538 et
757 3489 1010 3554 Peloponnensiaca>.
1049 3489 1154 3537 Dissert.
1175 3486 1272 3551 Gryph.
1293 3486 1367 3549 1890.

268 3573 292 3640 8)
312 3575 441 3625 Daedalus
462 3574 495 3622 ad
512 3575 578 3623 hanc
597 3575 768 3638 quaestionem
787 3591 839 3624 non
857 3575 963 3624 multum
976 3575 1061 3632 iuvat;
1082 3581 1166 3621 tamen
1179 3572 1250 3636 quod
1263 3588 1320 3620 eum
1336 3573 1436 3633 attinet,

185 3663 353 3729 opportunius
378 3661 433 3726 quis
455 3660 488 3709 ad
512 3662 611 3710 Cretam
636 3677 650 3708 a
674 3661 821 3725 Meropibus
845 3678 897 3711 non
923 3661 1030 3710 alienam
1052 3666 1162 3708 recurrat
1179 3673 1255 3722 quam
1274 3658 1307 3706 ad
1326 3658 1382 3707 Con
1400 3659 1438 3706 in·

185 3750 264 3798 sulam
283 3748 419 3813 To'pfferus
438 3745 503 3809 (Art.
521 3746 585 3794 Gen.
604 3763 630 3810 p.
655 3747 711 3810 165,
733 3744 768 3810 2).

269 3831 292 3899 ἵ)
312 3833 377 3882 Satis
394 3833 426 3881 sit
445 3832 494 3880 hoc
514 3831 571 3880 loco
592 3830 618 3878 id
637 3831 724 3881 afferre
743 3831 813 3894 quod
831 3831 863 3880 de
875 3830 1052 3880 vetustioribus
1068 3827 1157 3894 Siphni
1167 3829 1241 3876 rebus
1253 3830 1358 3879 omuino
1371 3845 1439 3877 com·

184 3929 283 3986 pertum
303 3929 352 3970 est:
372 3919 511 3968 Atticorum
530 3933 587 3982 pars
605 3917 667 3967 olim
678 3916 804 3988 Alceuore
824 3918 888 3967 duce
904 3933 936 3967 eo
955 3915 1052 3966 transiit
1074 3914 1183 3977 (Herod.
1197 3914 1271 3976 VIII,
1287 3915 1334 3975 483
1357 3914 1437 3963 schol.

183 4006 288 4070 Dionys.
307 4005 403 4069 Perieg.
423 4003 493 4068 525),
520 4019 570 4068 qua
596 4019 627 4052 ex
650 4018 677 4050 re
697 4001 782 4050 fabula
806 4011 861 4052 orta
878 4012 916 4052 est
935 4002 1059 4066 Siphnum
1080 4000 1183 4049 heroem
1202 3998 1280 4049 filium
1299 4001 1370 4048 Sunii
1386 4015 1440 4049 esse

184 4090 286 4156 (Steph.
308 4092 368 4156 Byz.
386 4107 405 4140 s.
423 4107 448 4138 v.
466 4088 593 4158 Σίφνος).
690 4115 694 4119 ’

269 4173 292 4239 ⁸)
312 4177 457 4226 Orestarum
480 4175 589 4240 populus
612 4175 690 4223 modo
710 4173 798 4238 Epiro,
823 4173 901 4222 modo
919 4171 1086 4222 Macedoniae
1105 4171 1227 4230 addictus,
1256 4187 1363 4235 quorum
1381 4171 1441 4218 urbs

186 4263 293 4320 Orestia,
314 4263 472 4311 connectitur
496 4277 553 4309 cum
572 4261 667 4308 Orestis
692 4259 791 4315 fabulis,
813 4258 1012 4322 Agamemnonis
1031 4256 1083 4314 filii,
1103 4272 1118 4304 a
1136 4256 1276 4320 Theagene
1295 4255 1325 4308 tv
1344 4260 1440 4306 Μακε-
