3142 4986
681 314 891 360 *20-

159 466 218 528 etsi
245 465 301 527 uix
331 465 506 546 quidquam
536 475 595 548 per
624 487 658 530 se
686 467 999 531 valetPtolemaeus
1019 466 1136 549 Heph.,
1167 467 1315 530 minimae
1336 466 1416 531 fidei

158 586 279 652 auctor,
303 597 377 640 curn
392 577 627 659 Epicharmum·
645 589 777 660 poetam
801 589 877 642 natu
893 578 998 642 Coum
1007 579 1033 659 ¹)
1056 579 1097 642 ab
1120 578 1174 642 illo
1197 579 1295 641 heroe
1309 599 1417 660 genus

158 688 334 769 sumpsisse
356 689 464 770 prodit
472 689 510 771 ²),
530 698 640 752 tamen
662 688 748 752 haud
772 691 815 752 ita
837 691 997 752 immerito
1012 690 1075 752 huc
1090 691 1223 752 adscisci
1237 698 1417 771 propterea

157 800 291 874 videtur,
323 801 411 879 quod
441 799 472 862 in
501 801 662 863 vicinitate
693 799 769 863 Cois
799 800 919 863 insulae
949 799 1084 863 constat.
1129 801 1214 863 Nam
1243 809 1276 863 et
1298 798 1414 862 Cariae

158 911 314 993 oppidum
335 911 523 992 Bargyliam
556 933 630 974 eum
656 912 836 974 condidisse
859 910 967 974 sabula
990 920 1057 974 erat
1080 910 1203 994 (Steph.
1227 911 1306 992 Byz.
1329 932 1356 978 s.
1379 932 1413 975 v.

157 1024 272 1107 Βαργ.)
306 1031 338 1084 et
370 1023 402 1084 in
432 1022 636 1107 Astypalaea
668 1022 770 1084 insula
802 1043 893 1090 sacra
926 1024 993 1085 eius
1026 1022 1268 1104 reperiunturss).
1323 1021 1413 1086 Sane

157 1132 301 1196 Achilles
329 1134 458 1214 quidem
488 1134 585 1195 etiam
614 1132 692 1195 alias
722 1133 833 1195 habuit
862 1134 964 1209 sedes,
993 1134 1090 1196 veluti
1120 1134 1151 1195 in
1179 1133 1322 1196 Laconia
1352 1153 1411 1214 po·

156 1245 324 1322 tissimum,
346 1244 495 1324 Erythris
518 1244 674 1324 (Dittenb.
697 1243 770 1324 syll.
798 1246 879 1325 370),
906 1245 947 1306 ad
968 1243 1123 1321 Pontum3
1152 1247 1263 1307 tamen
1284 1252 1410 1306 utnon

156 1357 272 1419 horum
302 1356 449 1418 locorum
472 1377 514 1419 ex
534 1355 657 1435 quovis,
689 1355 746 1416 sed
768 1375 811 1417 ex
833 1356 904 1436 ipsa
926 1354 1093 1418 Thessalia
1114 1375 1188 1418 eum
1210 1375 1308 1436 quem
1329 1355 1411 1417 dixi-

157 1480 228 1529 mus
250 1475 443 1548 repetamus,
468 1467 618 1539 maxime,
642 1465 766 1546 opinor,
789 1466 902 1528 Peleus
925 1464 1083 1548 suadet4).

750 1809 805 1880 lll.

552 2018 633 2099 DE
670 2017 1007 2102 EURYPYLO.

240 2216 399 2298 Eurypyli
430 2217 506 2279 urbs
532 2215 597 2279 Cos
624 2215 807 2298 appellatur
835 2217 861 2278 B
884 2217 963 2296 677;
993 2216 1121 2278 tametsi
1149 2216 1218 2297 ipse
1241 2217 1407 2281 incorum

156 2349 289 2392 numero
313 2329 367 2410 qui
390 2337 502 2390 contra
524 2327 656 2389 Troiam
679 2328 808 2403 ducunt,
836 2327 1014 2389 Heraclidis
1029 2326 1177 2408 Antipho
1199 2335 1232 2389 et
1247 2327 1403 2410 Phidippo

155 2441 260 2503 cessit.
296 2438 525 2514 Vetustiorum,
543 2447 652 2500 autem
674 2436 750 2500 Cois
770 2438 891 2501 insulae
914 2437 1089 2500 incolarum
1106 2439 1160 2520 qui
1176 2448 1250 2502 ante
1268 2439 1402 2523 Heracli·

156 2554 214 2613 das
232 2551 445 2612 consederunt
459 2548 666 2630 Eurypylum
683 2547 780 2610 fuisse
795 2549 868 2611 inde
884 2550 1087 2630 potissimum
1101 2550 1301 2631 perspicitur,
1317 2551 1403 2635 quod

241 2787 264 2851 1)
284 2788 368 2836 Etiam
389 2788 415 2836 in
437 2789 515 2837 titulis
538 2789 598 2838 Cois
619 2805 803 2854 nonnunquam
826 2789 875 2838 hoc
899 2806 992 2838 nomen
1015 2791 1148 2854 reperitur:
1174 2792 1256 2841 Paton
1279 2799 1304 2842 et
1326 2793 1407 2843 Hicks

154 2874 267 2940 inscript.
287 2890 324 2924 nr.
346 2869 443 2931 rod³⁴;
467 2870 565 2932 1od⁴⁰;
586 2873 645 2938 387.

241 2956 264 3024 ²)
283 2959 356 3008 Phot.
375 2959 437 3009 bibl.
456 2976 482 3023 p.
506 2970 552 3020 147
572 2960 664 3019 Baldo,
685 2961 817 3009 Westerm.
835 2960 914 3024 myth.
933 2959 977 3009 Gr.
996 2976 1021 3024 p.
1042 2959 1099 3024 185.
1122 2970 1162 3021 17.

239 3042 264 3109 ⁸)
284 3044 365 3094 Cicer.
385 3045 417 3093 de
435 3053 487 3096 nat.
505 3045 531 3095 d.
550 3047 599 3103 ΙΙΙ,
623 3045 662 3104 18,
682 3056 724 3108 45.
760 3045 853 3094 Nescio
876 3061 937 3094 num
954 3054 1022 3095 recte
1040 3046 1072 3096 O.
1089 3046 1226 3094 Muellerus
1243 3045 1260 3094 l.
1278 3045 1294 3094 l.
1312 3061 1337 3110 p.
1356 3046 1372 3093 8
1390 3061 1407 3093 a

155 3130 215 3180 Cois
233 3145 263 3178 ea
280 3129 341 3178 illuc
358 3129 456 3194 perlata
472 3145 526 3180 esse
544 3130 675 3179 censuerit.

239 3211 264 3278 ⁴)
284 3215 331 3264 Coi
353 3215 484 3264 cuiusdam
510 3215 561 3264 loci
585 3231 679 3264 nomen
702 3217 776 3280 Πέλη
800 3231 880 3280 nuper
903 3216 929 3264 in
952 3217 1034 3266 lucem
1056 3216 1151 3280 prodiit
1173 3215 1262 3280 (Paton
1279 3221 1304 3262 et
1320 3211 1401 3260 Hicks

155 3300 229 3350 inser.
249 3315 287 3350 nr.
307 3312 358 3362 344
375 3321 409 3339 =
426 3300 491 3349 bull.
511 3300 544 3349 de
561 3315 626 3348 corr.
647 3299 719 3358 XIV,
740 3317 765 3365 p.
786 3299 860 3365 297);
881 3309 957 3366 atque
975 3301 1035 3350 item
1052 3301 1103 3350 fere
1120 3299 1221 3352 Πέλειαι
1239 3296 1324 3346 Cariae
1342 3296 1400 3344 urbs

154 3393 245 3434 vocata
262 3392 300 3433 est
318 3383 358 3448 (C.
374 3385 398 3449 J.
416 3386 448 3436 Α.
468 3386 479 3433 Ι
497 3402 535 3434 nr.
555 3397 605 3448 230
623 3383 700 3450 sqq.),
724 3401 800 3450 quam
817 3400 893 3451 supra
910 3387 965 3436 Con
983 3387 1056 3436 sitam
1074 3386 1149 3436 fuisse
1165 3381 1287 3432 arbitreris
1303 3380 1403 3429 collatis

155 3469 257 3536 oppidis
275 3468 319 3529 eis,
340 3470 404 3518 inter
422 3485 486 3534 quae
505 3470 587 3519 afferri
605 3471 677 3522 solet.
713 3471 796 3534 Quid?
816 3471 883 3526 idem
901 3488 993 3522 nomen
1012 3470 1106 3536 (Πέλη,
1127 3465 1237 3532 Πέλεια)
1256 3466 1403 3517 Thessaliae

155 3555 255 3604 duobus
278 3552 407 3618 oppidulis
430 3563 491 3614 erat,
516 3571 625 3619 quorum
643 3555 748 3605 alterum
768 3555 907 3621 Eurypylo,
932 3558 1037 3605 alterum
1056 3556 1149 3606 Achilli
1161 3571 1180 3604 a
1197 3551 1285 3618 Steph.
1303 3552 1364 3615 Byz.
1385 3567 1405 3602 s.

154 3658 179 3693 v.
197 3639 330 3691 addicitur.
365 3642 404 3690 Ac
422 3641 442 3689 si
460 3640 516 3705 quis
535 3656 592 3689 ase
612 3639 728 3705 impetrat
746 3649 774 3690 ut
791 3655 945 3705 eponymum
962 3641 1012 3689 huc
1026 3642 1116 3691 reserat
1127 3643 1229 3691 heroem
1241 3635 1406 3686 clarissimum

154 3726 258 3786 Peliam,
279 3725 302 3775 ei
320 3726 427 3776 efficitur
445 3734 472 3774 ut
487 3725 571 3790 Jolco,
592 3725 635 3774 ubi
653 3724 695 3773 ille
712 3725 798 3774 sedem
816 3726 932 3774 habuisse
950 3725 1029 3790 vulgo
1046 3727 1145 3776 dicatur
1162 3723 1264 3790 (Odyss.
1276 3723 1324 3784 XI,
1339 3721 1404 3789 256;

154 3811 227 3877 alias)
251 3811 367 3878 proxima
386 3812 461 3861 fuerit
484 3812 563 3861 altera
580 3810 683 3875 quidem
701 3811 775 3860 Pele:
802 3811 838 3862 sic
854 3826 938 3860 rursus
956 3811 1029 3876 facile
1047 3810 1100 3861 fieri
1117 3818 1225 3877 poterat,
1249 3819 1277 3859 ut
1294 3807 1407 3858 Ormenii

155 3897 277 3962 Eurypyli
298 3913 378 3961 regno
401 3898 607 3953 adnumeraretur
631 3895 667 3960 (v.
685 3914 711 3962 p.
730 3910 777 3955 21;
803 3897 917 3946 conferas
940 3897 1016 3946 etiam
1038 3899 1216 3963 Tuempelium
1240 3897 1287 3948 alia
1310 3895 1407 3945 ratione

155 3999 227 4032 usum
246 3984 271 4032 in
290 3984 381 4032 Philol.
401 3984 488 4032 XLIX
510 3984 575 4046 1890
593 3999 619 4047 p.
640 3994 689 4044 714
709 3981 769 4048 sq.).
803 3984 890 4032 Altera
915 3999 974 4031 vero
992 3983 1098 4032 Achillis
1117 3985 1176 4033 Pele
1200 3983 1263 4032 nihil
1280 3989 1318 4031 est
1337 3980 1407 4046 quod

154 4085 207 4118 non
231 4069 370 4119 collocetur
388 4069 453 4118 inter
471 4080 566 4117 ceteras
584 4069 772 4133 Myrmidonum
791 4072 874 4130 urbes,
894 4069 947 4120 scil.
965 4069 1162 4136 ianhthiotidis
1180 4087 1225 4137 ora
1243 4069 1350 4119 Mallaca
1365 4066 1409 4138 (cs.

155 4154 274 4206 Strabon.
293 4155 369 4213 VIII,
389 4154 461 4219 435).
502 4155 553 4204 Sed
577 4155 665 4219 quales
688 4163 747 4204 sunt
769 4172 816 4214 res,
842 4164 924 4204 utrum
946 4171 997 4204 una
1018 4171 1075 4205 cum
1100 4155 1230 4221 Eurypylo
1253 4171 1286 4204 an
1308 4152 1408 4203 Achille

154 4239 218 4289 illud
236 4256 329 4290 nomen
348 4241 402 4290 Con
421 4240 545 4307 perlatum
565 4240 596 4299 sit
614 4240 721 4290 discerni
738 4241 832 4306 nequit.
