3142 4986
676 280 885 340 -44--

154 434 277 516 positas
300 435 525 514 cognoscimus
549 433 673 496 fabulas
696 454 766 496 esse
789 454 902 514 reapse
925 435 1091 496 hominum
1114 454 1172 515 per
1187 455 1244 498 ora
1258 435 1407 516 perlatas

155 545 269 606 Altera
307 544 493 606 narrabatur
529 544 703 625 Dryopum
741 565 850 626 regem
884 544 1077 619 Melaneum,
1116 547 1170 626 qui
1206 554 1310 608 totam
1344 544 1407 608 fere

155 655 290 736 Epirum
312 654 572 735 expugnavisset,
604 655 721 717 liberos
744 655 905 734 Eurytum
928 664 961 718 et
981 655 1192 718 Ambraciam
1214 658 1406 738 procreavis-

156 776 214 841 set‚
238 765 399 848 Apollinis
421 765 521 828 filium
543 787 630 843 esse;
661 766 762 828 altera
784 766 940 828 Hercules
962 768 1107 847 proditur
1129 787 1194 830 non
1217 769 1317 830 modo
1339 768 1406 849 ipse

157 898 286 958 quoque
307 878 442 960 Epirum
465 878 638 940 subiecisse
660 877 747 950 olim,
771 877 828 938 sed
851 879 948 939 etiam
970 879 1097 958 generis
1118 887 1230 940 auctor
1253 877 1406 940 Corinthi-

156 1009 249 1050 orum
276 1009 346 1050 esse
378 991 431 1068 qui
461 989 656 1051 Ambraciae
685 989 893 1050 constiterint.
938 988 1053 1051 Altera
1075 989 1249 1071 Dryopum
1277 990 1407 1071 propria

156 1100 248 1162 suerit
279 1121 411 1162 necesse
440 1110 497 1175 est,
530 1119 666 1179 quorum
696 1100 790 1161 sedes
811 1099 1023 1162 Ambracicas
1045 1101 1238 1181 scriptorum
1261 1109 1405 1163 veterum

155 1211 419 1293 geographorum
434 1211 648 1290 testimonia1)
665 1209 871 1287 confirmant3
896 1211 996 1273 altera
1012 1209 1249 1273 Corinthiorum
1264 1212 1404 1288 Dorum;

158 1344 177 1384 a
200 1323 410 1402 quibuscum
437 1323 534 1384 etiam
549 1320 673 1402 Apollo
696 1322 838 1402 inprimis
861 1322 1028 1397 coleretur,
1053 1343 1117 1384 non
1140 1342 1272 1402 prorsus
1294 1323 1326 1384 in
1348 1322 1406 1384 hac

156 1434 337 1496 narratione
366 1453 385 1493 a
408 1431 580 1494 Corinthiis
602 1432 796 1495 Ambraciae
817 1432 928 1496 incolis
951 1432 1072 1495 alienus
1094 1454 1165 1495 esse
1188 1434 1316 1510 debuit;
1345 1455 1406 1516 qua

156 1567 190 1607 re
222 1553 255 1606 et
288 1545 354 1606 eius
385 1545 469 1606 iussu
500 1543 634 1605 colonos
666 1543 821 1607 Corintho
850 1544 924 1606 illuc
951 1545 1109 1606 deductos
1139 1565 1210 1607 esse
1239 1554 1273 1607 et
1300 1545 1361 1608 alia
1390 1566 1407 1608 e

157 1656 351 1736 cognomine
374 1655 504 1717 vindicis
521 1648 665 1742 (Σωτήρ),
688 1657 775 1735 quod
792 1656 854 1718 deo
869 1656 1065 1718 Ambraciae
1083 1666 1159 1730 erat,
1183 1655 1259 1718 ficta
1275 1655 1406 1720 afferun-

157 1776 217 1828 tur.
276 1766 401 1827 Dorum
436 1775 544 1828 autem
581 1766 689 1829 fabula
721 1767 788 1828 sine
821 1766 919 1829 dubio
952 1767 1125 1848 Dryopum
1158 1769 1317 1830 recentior
1349 1779 1405 1830 est.

156 1877 330 1956 Utriusque
359 1878 444 1939 enirn
466 1878 601 1940 nationis
624 1877 748 1941 fabulas
772 1879 842 1958 quis
865 1879 1030 1940 coniunxit
1052 1879 1346 1957 contaminavitque
1365 1879 1408 1940 ita

156 1987 222 2050 fere
252 1997 287 2049 ut
316 2009 398 2050 nunc
428 1997 502 2050 ante
533 1989 644 2050 oculos
674 1989 767 2051 nobis
795 1997 877 2063 sunt,
908 1989 965 2050 nisi
996 2009 1034 2050 ea
1056 1989 1182 2050 Dorum
1209 2009 1293 2070 parS,
1326 2008 1407 2071 quae

156 2099 365 2162 Ambraciam
389 2099 624 2180 occupaverat?
645 2100 789 2162 Deorum
813 2101 876 2172 lite,
901 2101 982 2161 sicut
1004 2102 1131 2180 saepius
1150 2099 1195 2173 fit,
1220 2101 1408 2181 exprimitur

158 2211 292 2272 duarum
322 2211 487 2273 nationum
511 2232 575 2272 uno
598 2211 671 2273 loco
694 2232 939 2292 congressarum
963 2220 1141 2275 certamen:
1172 2212 1348 2292 Dryopum
1370 2231 1406 2275 ac

156 2322 298 2398 Dorum;
323 2321 384 2383 hos
406 2322 438 2384 in
460 2343 501 2384 eo
524 2320 596 2403 plus
617 2323 754 2384 valuisse
770 2343 808 2384 ea
824 2322 951 2385 fabulae
967 2332 1096 2385 nostrae
1111 2343 1144 2384 re
1160 2323 1405 2397 demonstratur,

158 2435 245 2514 quod
276 2454 340 2497 non
372 2433 527 2517 Apollini,
560 2434 648 2495 cuius
677 2443 785 2495 tamen
819 2443 867 2496 tot
899 2443 1053 2514 tantaque
1086 2435 1117 2495 in
1147 2432 1260 2494 urbem
1298 2433 1402 2503 merita

156 2553 391 2617 enumerantur,
422 2545 479 2605 sed
501 2543 633 2605 Herculi
662 2545 792 2625 propria
822 2545 898 2608 urbs
927 2545 1116 2626 tribuitur2).
1163 2543 1228 2606 Sed
1257 2544 1322 2606 iam
1348 2542 1405 2609 ani·

157 2674 245 2715 mum
269 2656 474 2717 advertamus
497 2655 538 2716 ad
561 2654 745 2716 Melaneum
768 2656 930 2736 Apollinis
951 2655 1060 2729 filium,
1085 2655 1138 2734 qui
1155 2655 1330 2736 Dryopum
1353 2674 1409 2718 rex

156 2773 298 2839 vocatur,
329 2766 462 2846 eiusque
492 2764 593 2827 filium
622 2765 791 2846 Eurytum.
845 2764 948 2846 Quid?
977 2767 1066 2849 quod
1094 2767 1178 2828 idem
1209 2767 1409 2847 reperiuntur

156 2875 349 2956 Eretnae⁸);
373 2877 545 2939 Eretriensi
568 2886 675 2939 autem
699 2898 779 2959 agro
802 2878 958 2940 addicitur
980 2876 1178 2957 Oechalia4),
1202 2878 1291 2939 cuius
1314 2879 1410 2939 heros

156 2987 299 3068 Eurytus
322 2996 417 3049 notus
436 2995 494 3049 est.
540 2988 708 3051 Habemus
733 3009 840 3051 rursus
863 2988 893 3050 in
916 2988 1095 3052 Messeniae
1118 2990 1238 3070 oppido
1254 2987 1412 3051 Oechalia

158 3098 352 3173 Melaneum,
382 3107 415 3160 et
444 3099 548 3179 ipsum
577 3099 739 3181 Apollinis
768 3100 877 3174 filium,
908 3110 1006 3182 atque
1035 3101 1134 3163 sacris
1164 3100 1284 3161 cultum
1308 3100 1411 3180 Eury-

156 3211 269 3290 tumt).
315 3210 414 3273 Porro
444 3219 514 3272 crat
543 3211 640 3273 etiam
670 3231 774 3293 prope
797 3211 991 3274 Trachidem
1015 3210 1216 3290 Oechalia0),
1247 3212 1411 3293 adquam

156 3321 208 3383 ille
230 3320 374 3401 Eurytus
403 3319 588 3384 referendus
614 3341 685 3383 esse
706 3323 840 3396 videtur,
872 3341 968 3402 quem
992 3322 1145 3405 Dryopes
1166 3330 1292 3402 patrem
1314 3329 1411 3384 vocat

243 3595 267 3661 ¹)
285 3596 391 3660 Dionys.
410 3596 520 3662 Calliph.
540 3614 566 3646 v.
591 3609 623 3658 30
642 3596 744 3660 (Muell.
764 3597 797 3646 G.
818 3597 850 3647 G.
868 3597 906 3646 M.
927 3597 948 3656 1,
970 3596 1047 3660 239);
1067 3597 1132 3646 Plin.
1153 3613 1178 3646 n.
1197 3597 1222 3646 h.
1242 3597 1287 3655 IV,
1311 3609 1332 3644 1.

242 3680 266 3748 ²)
285 3681 376 3746 Neque
400 3698 415 3731 a
438 3699 489 3748 quo
513 3682 596 3732 iudice
619 3682 742 3732 tribuatur
769 3682 833 3731 nihil
861 3684 944 3732 refert.
985 3684 1086 3746 Dryops
1113 3682 1181 3731 enirn
1205 3681 1342 3746 Cragaleus
1365 3681 1410 3729 ad·

157 3769 250 3818 hibitus
273 3777 317 3826 est,
344 3775 372 3817 ut
391 3766 511 3816 iudicium
529 3769 562 3815 ab
580 3767 722 3816 adversario
740 3782 787 3832 pro
806 3767 917 3817 Hercule
934 3774 1105 3833 perpetratum
1122 3783 1153 3815 eo
1171 3767 1253 3831 magis
1273 3765 1410 3816 efferretur.

158 3856 230 3904 Idem
248 3854 322 3903 heros
340 3853 415 3902 sacris
432 3852 560 3901 fruebatur
579 3853 742 3910 Ambraciam
763 3868 813 3917 qua
831 3869 857 3901 re
877 3853 999 3918 probatur
1016 3853 1118 3917 Dryops
1139 3852 1208 3901 iuxta
1226 3853 1309 3901 Dores
1325 3859 1410 3901 tamen

156 3957 209 3990 non
226 3940 289 3989 nihil
307 3939 422 3988 valuisse.

242 4023 265 4089 ⁸)
284 4024 373 4090 Steph.
392 4025 451 4088 Byz.
469 4039 489 4072 s.
509 4039 533 4073 v.
550 4017 680 4093 Ἑρετρία.

241 4108 265 4175 ⁴)
285 4111 427 4160 Hecataeus
444 4108 525 4158 Miles.
544 4108 613 4172 apud
631 4109 704 4157 Paus.
724 4107 770 4163 IV,
792 4121 817 4167 2,
840 4120 864 4171 3.

242 4193 265 4260 ¹⁵)
285 4199 358 4245 Paus.
380 4195 425 4255 IV,
448 4209 472 4250 2·
493 4207 521 4257 33
543 4207 568 4257 3,
594 4206 637 4252 103
658 4207 700 4257 33,
720 4209 744 4254 4·
1159 4216 1161 4218 ·

243 4278 266 4345 ο)
285 4281 373 4346 Steph.
392 4281 451 4342 Byz.
469 4294 489 4329 s.
511 4296 533 4328 ν.
550 4280 682 4346 Οἰχαλίας
700 4278 731 4328 cf.
750 4277 851 4328 Mitteil.
869 4277 895 4326 d.
913 4277 998 4328 athen.
1019 4278 1080 4328 Inst.
1099 4279 1146 4337 IV,
1166 4277 1215 4327 206
1234 4293 1290 4343 sqq.
