3142 4986
675 271 886 348 ,64-

156 441 308 526 cognosci
341 449 450 522 potest
482 461 564 522 quae
600 440 759 502 sacerdoti
788 440 906 502 Bacchi
939 440 1121 503 tribuuntur
1153 450 1220 502 tam
1254 441 1283 502 in
1316 439 1411 503 titulo

155 552 314 615 Thebano
346 573 443 632 quam
470 551 501 613 in
529 550 689 613 Plutarchi
720 551 909 614 narratione.
962 551 998 612 ln
1028 550 1251 614 Orchomeniis
1281 551 1412 632 quidem

155 662 240 727 feriis
268 671 455 744 perpetrare
484 661 611 724 solebat
640 663 884 744 caerimoniam,
917 681 1000 742 quae
1027 662 1108 724 olim
1136 663 1236 744 vulgo
1266 661 1412 726 homines

155 776 218 838 deo
241 774 426 837 immolatos
448 791 520 835 esse
543 775 648 838 docet.
694 773 737 835 Et
759 774 802 835 ad
824 774 905 836 tales
928 772 993 836 sere
1014 782 1164 835 cruentos
1184 793 1302 847 mores,
1334 790 1412 854 quo·

155 887 242 948 niam
270 885 359 947 iuxta
387 885 517 965 ponitur
543 905 612 947 vox
642 876 809 971 ὠμηστής,
841 872 968 965 spectat
995 901 1177 965 cognomen
1207 873 1410 967 Ἀγριώνιος,

156 998 245 1079 quod
279 996 322 1058 ad
355 995 519 1058 Bacchum
554 995 640 1058 haud
673 996 773 1058 dubie
812 994 945 1059 adhibet
980 993 1167 1058 Plutarchus
1204 993 1327 1058 Anton.
1358 1011 1410 1072 24.

155 1107 259 1171 Huius
281 1107 376 1188 igitur
398 1107 449 1170 dei
470 1107 661 1168 memoriam
685 1107 782 1168 etiam
798 1105 874 1168 Cois
896 1105 993 1168 fuisse
1016 1107 1109 1169 nobis
1126 1107 1352 1188 persuasimus
1369 1142 1414 1154 -

158 1217 367 1296 dwnalawg,
388 1217 460 1279 inde
491 1220 579 1298 quod
602 1237 705 1298 aeque
729 1226 764 1278 ut
787 1214 894 1278 Rhodi
918 1216 1097 1296 Calymnae
1118 1217 1163 1280 ita
1182 1216 1265 1290 Lati,
1295 1216 1412 1280 Cretae

157 1332 188 1392 in
212 1330 300 1404 urbe,
324 1330 480 1412 reperitur
505 1327 670 1409 (Bischoff.
689 1349 722 1410 p.
745 1330 816 1407 381,
842 1330 916 1410 385)
939 1331 1083 1391 nondum
1105 1347 1236 1390 necesse
1256 1337 1306 1390 est
1323 1327 1412 1390 Pelo

157 1441 331 1523 ponnesius
367 1439 460 1502 luerit
493 1440 621 1502 mensis.
672 1437 867 1520 Agebantur
900 1449 1009 1502 autern
1039 1440 1149 1520 utique
1176 1457 1216 1501 eo
1244 1439 1413 1502 sollemnia

155 1552 368 1625 Theodaesia,
400 1571 483 1633 quae
514 1551 586 1613 Lati
616 1550 747 1630 quidem
768 1548 817 1631 (C.
836 1549 864 1631 J.
888 1549 926 1613 G.
950 1565 988 1630 25
994 1554 1046 1632 54)
1068 1537 1111 1613 et
1124 1549 1300 1630 Mytilenae
1322 1549 1412 1631 (bul-l.

155 1664 196 1726 de
224 1683 304 1725 corr.
334 1662 393 1738 IV,
416 1665 492 1744 424)
519 1669 678 1728 constant
725 1659 805 1723 Vox
832 1662 893 1724 etsi
919 1681 980 1743 per
1011 1682 1105 1737 sane,
1136 1663 1217 1724 sicut
1244 1657 1411 1740 θεοξένια,

156 1775 287 1836 omnino
321 1775 371 1836 dei
400 1773 567 1835 cuiusdam
601 1772 712 1852 epulas
741 1792 779 1834 ac
810 1771 1002 1834 lectisternia
1027 1772 1205 1854 significat,
1239 1782 1347 1834 tamen
1375 1781 1412 1835 ut

157 1886 241 1948 hanc
264 1883 382 1946 Bacchi
403 1885 608 1965 potissimum
630 1884 728 1946 sacris
750 1883 917 1958 vindicem,
942 1883 1018 1946 mihi
1040 1886 1213 1966 persuadet
1228 1886 1316 1966 quod
1327 1883 1415 1947 illius

156 1999 187 2057 in
209 1995 339 2058 laudem
362 2015 476 2076 reapse
492 1994 695 2057 Theodaesia
717 1995 748 2056 in
764 1993 879 2056 Andro
902 1995 1004 2056 insula
1026 1995 1187 2058 celebrata
1204 2015 1281 2058 *esse
1295 1994 1413 2058 Plinius

155 2108 253 2170 docet
276 2108 318 2186 (n.
341 2106 371 2169 h.
395 2105 434 2180 ΙΙ,
462 2122 539 2184 1033
571 2105 692 2179 XXXI,
717 2122 748 2181 2,
776 2105 841 2185 16);
873 2105 955 2168 illius
982 2125 1081 2186 porro
1112 2125 1294 2187 cognomen
1319 2106 1412 2168 inter·

157 2226 301 2299 pretatur
330 2217 570 2278 Theodaesium
592 2216 775 2296 Hesychius
798 2237 824 2281 s.
844 2237 873 2280 v.
897 2215 950 2296 (cf.
972 2217 1161 2298 Apollinem
1183 2217 1411 2280 Theoxen'mn

155 2329 247 2396 Paus.
270 2329 343 2403 VII,
368 2343 418 2407 27,
441 2330 484 2409 4).
528 2328 730 2409 Propagatus
758 2347 840 2389 vero
869 2329 995 2390 videtur
1016 2327 1093 2390 talis
1114 2327 1166 2390 dei
1185 2328 1292 2392 cultus
1310 2329 1345 2390 in
1367 2329 1411 2390 in·

155 2439 231 2502 sulis
253 2439 379 2518 Aegaei
401 2439 506 2500 maris.

240 2567 416 2655 Hominum
441 2565 583 2628 Coorum
614 2565 744 2627 nomina
774 2566 944 2628 abaccho
970 2575 1045 2628 sunt
1066 2567 1209 2631 derivata
1231 2586 1273 2629 cr.
1294 2564 1342 2628 111
1365 2567 1407 2648 (.

154 2677 222 2740 Pat.
247 2677 310 2739 ind.
334 2698 367 2758 p.
393 2680 476 2758 3'70).

240 2941 425 3023 Neptuni
471 2939 559 3002 Coae
585 2951 675 3003 erant
709 2941 804 3004 feriae
827 2942 990 3004 Artamitii
1013 2943 1064 3005 die
1084 2943 1144 3010 IV.
1168 2942 1248 3024 (Pat.
1272 2963 1318 3008 nr.
1340 2943 1407 3022 43).

156 3052 268 3132 Atque
298 3055 395 3115 etiam
425 3052 569 3125 Panami,
601 3062 636 3114 ut
664 3053 802 3128 videtur,
835 3054 885 3116 die
915 3054 955 3116 X.
987 3053 1187 3116 offerendum
1216 3053 1410 3134 praecipitur

156 3162 345 3226 sacrificium
369 3164 399 3225 in
423 3163 578 3226 fastorum
602 3162 783 3244 fragmento
806 3162 941 3226 Isthmio
965 3164 1044 3244 (Pat.
1068 3186 1113 3227 nr.
1137 3166 1223 3245 401).

240 3291 382 3373 Neptuni
410 3312 501 3354 sacer
529 3291 696 3354 habendus
718 3300 768 3352 est
790 3291 908 3353 mensis
931 3290 1019 3353 Cous
1040 3295 1071 3354 Γ
1067 3285 1224 3374 εράστιος,
1256 3291 1309 3372 qui
1332 3294 1412 3354 item

155 3403 313 3464 invenitur
351 3411 384 3464 et
417 3401 595 3483 Calymnae
629 3401 744 3485 (Bisch.
775 3422 807 3483 p.
838 3403 915 3483 381)
949 3412 982 3464 et
1012 3402 1259 3465 Lacedaemone
1291 3401 1409 3486 (Bisch.

154 3536 186 3597 p.
211 3513 285 3594 366)
310 3533 347 3574 ac
370 3512 536 3576 Troezene
559 3514 677 3594 (Bisch.
701 3534 732 3595 p.
753 3531 835 3595 379;
866 3513 907 3579 cf.
929 3506 1075 3598 πότριαν
1097 3516 1128 3576 Γ
1124 3509 1305 3597 apaturion:
1335 3511 1411 3576 Col·

154 3625 208 3688 litz
239 3645 284 3687 nr.
312 3624 415 3704 3364).
460 3625 496 3686 In
526 3625 700 3706 propatulo
728 3635 778 3686 est
805 3646 926 3687 nomen
955 3625 1093 3687 indicare
1121 3644 1196 3686 eum
1221 3623 1409 3705 Neptunum

155 3737 208 3816 qui
232 3737 263 3798 in
279 3737 434 3800 Euboeae
457 3737 680 3818 promontorio
697 3735 865 3799 Geraestio
887 3736 1102 3798 celeberrimis
1120 3734 1286 3796 colebatur
1309 3736 1408 3798 sacris

156 3846 208 3927 (cs.
239 3848 278 3914 E.
309 3847 466 3916 Gerhard.
497 3845 552 3915 Gr.
581 3847 687 3928 Myth.
716 3847 740 3922 1,
771 3868 802 3929 p.
828 3861 898 3926 207,
926 3845 1009 3927 3f.).
1060 3847 1194 3908 Faciunt
1221 3845 1284 3909 huc
1311 3847 1408 3909 etiarn

155 3959 285 4021 nomina
308 3964 339 4021 Γ
336 3958 465 4042 έραστις
487 3963 517 4021 Γ
514 3955 740 4043 εραστιφάνης,
765 3979 847 4038 quae
868 3958 944 4021 Cois
965 3958 1088 4019 civibus
1111 3958 1237 4038 saepius
1253 3957 1410 4038 reperiun-

155 4080 206 4132 tur
228 4071 325 4134 indita
349 4074 390 4151 (v.
414 4071 481 4132 Pat.
506 4071 568 4132 ind.
590 4091 621 4151 p.
647 4073 730 4151 370),

241 4197 444 4280 Conspicitur
481 4199 651 4280 Neptunus
683 4199 718 4260 in
755 4200 893 4260 nummis
931 4196 1007 4258 Cois
1043 4196 1129 4277 apud
1163 4195 1315 4259 Mionnet.
1347 4194 1406 4269 111„

154 4328 187 4390 p.
210 4326 283 4388 403,
307 4311 366 4385 66;
388 4310 493 4391 suppl.
518 4309 574 4384 VI,
599 4330 631 4390 p.
656 4311 719 4388 580
741 4308 917 4390 descriptis.
