3142 4986
680 293 720 302 -.
766 267 803 333 35
849 289 891 298 .-

157 446 222 509 qua
252 425 349 488 heros
377 422 430 486 ille
461 443 534 485 cum
557 421 654 486 Creta
682 424 806 486 iunctus
827 432 905 498 erat,
935 422 1077 486 funditus
1098 422 1213 486 tollere
1235 425 1413 504 nequirent,

151 538 201 637 ita
232 556 284 600 res
313 525 579 608 contaminarunt,
610 544 646 597 ut
668 533 784 597 Cretae
806 534 859 597 ille
882 535 1017 598 navibus
1039 533 1255 615 adpelleretur
1275 543 1416 616 partem-

156 668 221 732 que
244 646 435 710 colonorum
455 645 498 708 ibi
521 645 720 727 relinqueret,
745 647 900 708 maiorem
922 666 1001 709 vero
1021 645 1176 709 Rhodum
1196 647 1338 712 duceret.

244 756 310 822 Sed
340 755 413 820 hinc
444 777 507 819 nos
537 776 736 820 revocemus.
787 755 974 820 Thessalica
1004 757 1099 838 igitur
1128 757 1319 839 agnovimus
1347 755 1416 820 Coa

157 870 320 953 quaedam
354 869 395 931 ad
428 867 602 930 Herculem
633 868 825 950 pertinentia
834 869 877 949 l):
911 869 1082 930 universim
1114 888 1192 931 vero
1227 877 1307 950 quot
1336 870 1417 932 inter

157 978 308 1045 Herculis
352 978 476 1041 fabulas
522 999 678 1059 sacraque
716 977 881 1042 Thessalis
917 979 1110 1053 debeantur,
1158 988 1238 1060 quot
1275 980 1417 1044 Doribus

164 1091 343 1175 Argolicis,
376 1091 510 1152 discerni
540 1091 596 1152 vix
624 1091 752 1171 poterit.
805 1089 861 1152 Ad
890 1090 951 1154 hos
980 1099 1089 1153 tamen
1118 1089 1258 1153 tribuum
1287 1092 1417 1154 nomina

160 1194 284 1281 Ὑλλεῖς
303 1202 455 1284 Aspuna
473 1200 776 1286 floppvisiglosli)
799 1202 901 1264 redire
924 1201 995 1264 luce
1016 1201 1130 1264 clarius
1152 1211 1211 1264 est.
1247 1201 1316 1265 Nec
1338 1203 1417 1266 mul·

164 1322 232 1376 turn
259 1313 397 1376 dubitari
426 1313 524 1375 debet
554 1313 629 1391 quin
652 1313 757 1393 gentis
779 1311 1125 1394 Antimachidarumss),
1149 1313 1203 1392 qui
1225 1313 1258 1375 in
1280 1313 1351 1395 ipso
1374 1315 1417 1376 in-

160 1422 249 1486 sulae
278 1422 351 1485 loco
374 1423 580 1486 Antimachia
607 1423 769 1486 habitasse
791 1423 948 1500 videntur,
979 1433 1092 1487 auctor
1112 1423 1241 1487 habitus
1263 1425 1303 1487 sit
1324 1424 1415 1488 Anti-

160 1533 294 1597 machus
310 1533 482 1596 Heraclida
490 1535 526 1615 4),
551 1543 643 1616 pater
658 1534 851 1616 Deiphontis
872 1535 927 1614 qui
950 1555 1085 1616 regnum
1107 1536 1249 1616 suscepit
1263 1535 1416 1618 Epidauri

159 1645 265 1727 (Paus.
296 1645 335 1720 ΙΙ,
364 1645 423 1727 19).
475 1645 560 1707 Nam
590 1645 754 1727 Epidauro
763 1647 789 1726 ⁶)
820 1647 1025 1728 potissimum
1054 1646 1181 1709 Dorum
1210 1647 1356 1711 coloniae
1385 1648 1418 1710 in

159 1755 233 1820 Con
255 1756 392 1818 insulam
414 1765 488 1818 sunt
511 1757 668 1819 deductae
678 1759 714 1838 ⁶).

248 2048 272 2116 ¹)
291 2050 469 2116 Hippocratis,
494 2049 537 2114 qui
559 2055 663 2114 propter
684 2056 782 2112 patrem
805 2048 870 2098 inter
893 2048 1071 2114 Asclepiades,
1100 2057 1204 2114 propter
1227 2057 1332 2098 matrem
1355 2049 1420 2106 inter

160 2136 313 2187 Heraclidas
331 2142 384 2185 erat
400 2132 492 2200 (Hipp.
511 2151 555 2199 op.
576 2133 656 2182 Littre
676 2134 724 2192 IX,
745 2151 771 2198 p.
787 2132 848 2196 314)
867 2141 939 2199 pater
956 2142 1010 2184 erat
1027 2134 1184 2192 Heraclides,
1205 2134 1270 2182 filius
1282 2134 1418 2184 Thessalus

160 2220 264 2287 (steph.
281 2221 341 2283 Byr.
360 2237 380 2269 s.
398 2216 516 2278 1.Κῶς;
544 2218 636 2267 Suidas
659 2233 678 2268 s.
697 2235 719 2267 v.
736 2213 883 2286 Ἰπποκρ.).
902 2249 936 2256 -
956 2219 1043 2268 Plures
1065 2219 1133 2269 Coos
1155 2212 1295 2277 Θεσσαλός
1315 2227 1420 2269 vocatos

159 2307 251 2356 videas
268 2306 294 2354 iu
312 2305 413 2355 Patonii
433 2304 546 2368 inscript.
567 2303 652 2352 indice
669 2320 695 2367 p.
709 2314 768 2367 373.
788 2329 822 2340 -
841 2304 962 2353 Conferas
980 2305 1054 2354 etiam
1076 2305 1156 2355 Coum
1174 2313 1276 2370 poetam
1294 2304 1418 2354 Philetam

160 2392 233 2458 apud
251 2386 408 2455 Hesychium
426 2406 446 2439 s.
466 2406 491 2438 v.
512 2389 663 2442 Θεσσαλαί·
682 2389 713 2438 αἱ
730 2389 818 2456 Κῴαι.

248 2472 272 2542 ²)
290 2475 323 2525 V.
341 2474 441 2524 Dubois
460 2474 477 2523 l.
497 2474 514 2525 l.
533 2490 558 2538 p.
576 2487 606 2536 31
628 2484 690 2537 sq.;‘
703 2473 793 2534 Paton.
814 2475 832 2523 l.
852 2475 869 2524 l.
889 2491 913 2540 p.
934 2488 993 2538 341.

249 2558 273 2626 ⁸)
292 2561 352 2609 Duo
377 2559 443 2609 tituli
461 2560 593 2609 Romanae
617 2559 705 2609 aetatis
723 2560 900 2609 Antimachiae
924 2561 1016 2626 reperti
1033 2569 1100 2623 sunt,
1125 2561 1169 2626 qui
1186 2561 1220 2610 sic
1239 2560 1417 2610 exordiuntur:

162 2640 180 2699 ὄ
198 2644 291 2716 δᾶμος
306 2639 507 2712 Ἀντιμαχιδᾶν
525 2647 572 2695 καὶ
591 2643 736 2712 Αἰγηλιῶν
755 2646 802 2695 καὶ
820 2639 970 2713 Ἀρχιαδᾶν
989 2646 1074 2710 (Ross.
1093 2647 1115 2695 1.
1136 2645 1168 2696 G.
1187 2649 1209 2696 I.
1230 2647 1280 2708 111,
1300 2661 1338 2695 nr.
1359 2657 1418 2708 307,

162 2731 229 2797 3083
256 2731 347 2780 Paton.
376 2737 402 2779 et
423 2730 512 2778 Hicks.
535 2746 573 2780 nr.
592 2743 651 2794 393,
672 2727 726 2796 94).
750 2757 783 2765 -
808 2731 877 2778 Inter
903 2737 998 2780 ceteras
1019 2739 1107 2796 gentes
1131 2731 1197 2781 Coas
1221 2731 1421 2796 Euryanactidae

161 2817 282 2867 videntur
299 2831 354 2866 esse
371 2816 551 2880 Peloponnesii
571 2814 651 2878 (Dub.
670 2833 696 2881 p.
713 2815 770 2880 58);
791 2832 907 2866 necnon
925 2817 1151 2878 Phyleomachidas
1169 2815 1271 2881 (Paton.
1289 2825 1314 2867 et
1330 2817 1419 2868 Hicks.

162 2919 202 2953 nr.
225 2900 268 2964 38,
297 2901 339 2966 16)
372 2902 413 2969 ad¹
435 2902 641 2966 Peloponnesum
671 2917 705 2950 sc.
735 2900 836 2950 Elidem
863 2901 953 2950 referre
979 2901 1060 2952 voluit
1083 2903 1205 2952 Maassius
1230 2901 1330 2966 (Herm.
1358 2903 1417 2965 1891

162 3005 191 3054 p.
214 2984 289 3053 185):
320 2986 443 3050 Phyleum
468 2985 589 3050 flagitari,
616 2986 733 3034 nimirum
757 2987 862 3050 Augeae
886 2985 974 3036 tilium.
1014 2989 1049 3038 At
1073 2989 1108 3039 ita
1131 2989 1209 3038 altera
1231 2989 1340 3037 nominis
1363 3005 1422 3053 pars

161 3090 268 3142 -μαχος
285 3088 338 3120 non
356 3071 416 3120 satis
434 3071 548 3134 intellegi
566 3086 640 3136 posse
658 3071 764 3120 videtur.
801 3071 927 3136 Equidem
945 3073 1030 3136 cogito
1049 3073 1082 3122 de
1100 3073 1219 3138 Ephyrae
1237 3074 1421 3138 ThesprotIcae

163 3174 225 3222 rege
247 3157 327 3222 vulgo
350 3154 453 3216 Φύλας,
475 3156 544 3221 apud
562 3156 640 3205 Diod.
660 3156 705 3215 IV,
723 3155 756 3219 36
773 3153 881 3214 Φυλεύς
898 3164 999 3218 vocam,
1019 3157 1045 3206 in
1063 3173 1137 3223 quem
1149 3158 1271 3207 Hercules
1290 3158 1421 3208 dimicasse

164 3245 242 3293 fertur
264 3243 318 3307 ipse
336 3242 413 3306 igitur
430 3250 467 3290 est
487 3234 671 3309 Φυλεόμαχος
691 3237 983 3306 (ΡὴγΙειιεὺεὶιὲίωρίετ).
1015 3242 1093 3305 Quod
1111 3258 1188 3307 quam
1201 3243 1303 3307 egregie
1316 3244 1423 3308 quadret

165 3330 200 3378 ad
218 3329 398 3378 Thessalorum
416 3327 608 3376 Heraclidamm
630 3327 727 3376 fabulas
744 3327 810 3376 Coas
826 3328 917 3377 elucet.

251 3412 276 3480 4)
295 3414 413 3465 Herculis
431 3413 647 3462 Antimachiensia
664 3429 734 3463 sacra
753 3411 830 3475 (Plut.
849 3430 893 3477 qu.
911 3414 956 3462 Gr.
971 3413 1014 3478 58)
1034 3422 1117 3463 utrum
1131 3432 1145 3464 a
1157 3415 1285 3464 Thessalis
1302 3431 1335 3464 au
1347 3417 1423 3466 Dori-

165 3501 213 3548 bus
236 3499 349 3550 instituta
373 3501 429 3556 sint,
454 3499 513 3548 inde
539 3516 590 3548 non
614 3499 727 3570 solvitur.
745 3525 779 3536 -
796 3499 905 3548 Notetur
928 3498 969 3547 hic
989 3498 1070 3548 Coum
1088 3500 1216 3563 quendam
1234 3501 1319 3551 Iocum
1338 3503 1424 3551 vocari

161 3582 304 3650 Ἀλκηΐδες
321 3584 424 3647 (Paton.
445 3594 470 3633 et
488 3584 575 3633 Hicks.
594 3601 630 3633 nr.
649 3596 691 3648 37,
707 3584 757 3648 60),
779 3600 853 3648 quem
871 3584 1013 3633 Bechtelius
1033 3582 1132 3648 (Goett.
1147 3585 1241 3636 Nachr.
1257 3587 1322 3650 1890
1339 3605 1365 3652 p.
1379 3587 1424 3652 33)

167 3672 201 3719 ad
220 3672 355 3721 Herculem
374 3671 492 3719 Alcidam
510 3671 615 3720 rettulit.

254 3752 277 3820 ὕ)
296 3754 397 3805 Nomen
420 3753 587 3825 Ἐπίδαυρος
605 3757 663 3804 Cois
687 3756 839 3821 quibusdam
863 3756 958 3805 clvibus
981 3762 1034 3806 erat
1053 3756 1155 3820 (Paton.
1176 3767 1200 3806 et
1219 3757 1306 3807 Hicks.
1328 3769 1368 3821 54,
1391 3759 1422 3815 b;

168 3857 193 3905 p·
213 3839 284 3904 311)-

253 3923 277 3989 θ)
296 3927 395 3975 Herod.
422 3926 483 3983 vn,
504 3939 545 3986 99.
568 3955 601 3963 -
625 3925 714 3990 Argivi
743 3926 808 3975 inter
835 3926 1014 3976 vetustissimos
1042 3927 1138 3976 insulae
1165 3928 1260 3978 incolas
1287 3929 1425 3978 afferuntur

168 4011 226 4061 loco
250 4013 363 4079 paullum
387 4012 523 4076 suspicioso
545 4029 579 4062 sc.
602 4012 683 4060 Tacit.
709 4028 767 4061 ann.
792 4013 854 4071 XII,
875 4013 904 4060 61
932 4010 976 4076 (ci.
1000 4028 1025 4077 p.
1048 4012 1103 4075 17);
1134 4029 1180 4062 nec
1208 4013 1288 4078 magis
1316 4023 1382 4062 certe
1411 4031 1424 4063 e

169 4096 286 4146 Strabon.
306 4097 379 4155 XIV,
399 4096 447 4160 653
466 4097 534 4162 ipsos
554 4098 663 4162 Argivos
682 4096 737 4145 Con
758 4098 883 4146 transiIsse
901 4097 990 4162 colligi
1008 4098 1091 4148 debet.

1182 4181 1220 4248 3*
